3540 5832
298 531 363 589 336
757 527 890 589 INDEX
904 525 1121 589 NOMINUM.

307 695 492 762 Alexander
515 697 667 775 Clericus,
695 713 728 762 et
760 697 921 765 Rcbertus
980 695 1195 776 Amundevill,
1214 695 1359 784 Rogems
1374 697 1424 774 de,
1444 700 1506 762 122
1520 699 1571 762 bis.

435 800 468 851 et
489 785 660 864 lohannes,
684 785 836 853 ducentes
851 787 920 852 the·
981 785 1164 874 Ancquetil,
1181 785 1374 864 Alexander,
1390 791 1467 852 226.

435 897 564 940 366666
581 876 688 963 Regis,
705 881 759 940 51.
978 875 1107 961 Andess,
1125 875 1310 962 Episcopus,
1327 881 1381 941 85.

304 963 490 1028 Alexander
533 964 675 1030 Clericus
707 964 747 1030 de
778 963 918 1041 winton,
978 964 1105 1050 Andess,
1124 963 1267 1028 Michael
1282 963 1332 1042 de,
1349 969 1403 1029 55.

438 1058 491 1118 63.
978 1052 1063 1130 And,
1081 1053 1283 1140 Praepositus,
1299 1058 1351 1118 62.

304 1140 488 1206 Alexander
504 1141 647 1208 Clericus
671 1142 799 1208 thesaur
815 1139 917 1219 Iunc,
978 1141 1173 1230 Andegavie,
1211 1142 1417 1220 Senescsllus,
1451 1148 1506 1218 34,
1540 1145 1591 1218 51,

440 1235 503 1296 108
517 1233 571 1295 bis.
1111 1236 1153 1296 52
1169 1233 1223 1308 bis,
1248 1235 1300 1308 53,
1324 1237 1377 1310 55,
1402 1237 1445 1295 59
1460 1234 1515 1309 bis,
1539 1237 1590 1308 60,

303 1319 498 1398 Alexandre,
515 1319 649 1397 Pierres,
669 1323 739 1385 148
1108 1325 1161 1397 63,
1186 1325 1240 1385 83.

303 1409 476 1495 Aleynsoii,
553 1408 750 1486 Willielrnus,
821 1407 919 1496 Μαξτ
977 1407 1172 1496 Andegavie,
1190 1409 1228 1473 B.
1244 1409 1450 1488 Senescallus,
1473 1415 1527 1488 66,
1540 1416 1591 1487 83

436 1497 555 1563 craiere
577 1497 669 1562 vocal
692 1497 846 1563 Ksterine
877 1497 919 1562 de
1110 1503 1161 1564 65.

437 1585 611 1674 Wrangull,
627 1592 703 1652 386.
977 1586 1171 1674 Andegavie,
1190 1587 1394 1665 Senescallus,
1407 1586 1594 1653 Willielnrus

303 1675 409 1763 Algia,
427 1675 568 1740 Ballivus
583 1675 634 1753 de,
650 1681 703 1740 48.
1108 1675 1149 1740 (16
1167 1675 1323 1762 Rupibus,
1339 1682 1392 1754 86,
1408 1681 1450 1742 87
1466 1683 1592 1760 passini,

303 1764 483 1852 Algiavie
497 1765 547 1843 de,
564 1771 639 1843 365,
656 1771 730 1830 366.
1109 1769 1162 1842 aa,
1186 1770 1230 1828 aa
1248 1769 1374 1850 passm,
1401 1771 1445 1830 36
1461 1768 1515 1844 66,
1538 1771 1592 1844 aa,

307 1853 430 1942 Algolc
463 1853 659 1931 Willielmus,
688 1853 785 1940 Massr
810 1852 919 1940 picard
1108 1859 1161 1919 36.

434 1943 916 2020 vocaiTrinitedeOtermoutll,
977 1941 1099 2020 Andre,
1123 1942 1293 2020 Rabertus‚
1316 1941 1413 2030 Μαξι·
1435 1943 1594 2032 doggerre

434 2038 509 2097 327.
1109 2029 1200 2096 vocal
1242 2032 1330 2096 Petri
1371 2033 1412 2096 de
1451 2032 1591 2121 Whitby,

303 2122 407 2186 Alicia
460 2144 499 2187 ue
534 2121 596 2186 fuit
633 2143 713 2186 uxor
740 2121 918 2186 Guillielmi
1109 2126 1184 2185 386.

434 2145 475 2276 le
492 2211 592 2276 Bures
608 2209 766 2288 Chivaler,
783 2216 858 2276 348.
977 2209 1153 2286 Andresoii,
1171 2208 1284 2296 Colyn,
1302 2209 1398 2295 Massr
1421 2210 1594 2298 coggeshili

301 2299 431 2378 Alietne,
448 2299 598 2377 Thomas,
615 2299 656 2364 de
673 2300 816 2376 Britan1i‚
837 2305 907 2365 153.
1107 2297 1198 2363 vocai
1212 2297 1365 2363 Kacerine
1380 2298 1421 2363 de
1432 2299 1591 2376 Canifere,

302 2389 466 2465 Alionsofi,
485 2389 604 2466 Simon,
622 2387 720 2474 Massr
746 2388 917 2477 coggeship
1109 2392 1184 2451 388.

434 2477 525 2543 vocal
536 2476 766 2564 Marieknyghi
775 2477 917 2542 deBese-
977 2475 1155 2552 Andreson,
1174 2475 1369 2554 willielmus,
1395 2475 1492 2562 Mage
1518 2499 1591 2564 cog·

431 2567 520 2656 lyng,
537 2573 612 2644 324,
635 2571 710 2631 330.
1107 2565 1218 2652 geshif)
1227 2565 1318 2630 vocal
1332 2565 1448 2653 Fridny
1459 2565 1500 2630 de
1513 2565 1592 2630 She·

301 2655 392 2734 Alisi,
411 2655 541 2722 Silvesti
555 2657 604 2732 de,
622 2661 673 2719 56.
1108 2653 1192 2731 dam,
1208 2659 1283 2719 324.

301 2745 478 2825 Alleaume,
494 2745 656 2812 lohannes
671 2745 720 2822 de,
737 2749 812 2810 381.
977 2741 1092 2830 Angel,
1109 2744 1219 2808 Abbas
1231 2757 1263 2807 61
1280 2743 1464 2808 Conventus
1482 2743 1587 2808 Sancti

301 2835 456 2914 Allertofi,
491 2836 660 2910 Robertus,
693 2833 835 2899 Clericus
865 2855 917 2898 co-
1107 2829 1256 2910 Joliisde,
1273 2839 1325 2895 64.

302 3011 388 3076 n..
416 2923 891 3078 sllll⁹dl⁰⁵1l⁰l³fflss³⁸’³⁵⁹·
975 2919 1350 3097 1331111666
1370 2919 1495 3075 3³3
1536 3017 1578 3076 a.

389 3058 397 3088 s
571 3059 580 3090 s
664 3059 672 3075 ·
1142 3054 1151 3086 s
1415 3055 1425 3087 s
1495 3055 1506 3089 s
1579 3058 1589 3090 s

300 3100 379 3166 Alta
391 3101 512 3178 Noissa,
531 3101 696 3164 Savaricus
711 3100 761 3178 de,
785 3104 838 3164 38.
1111 3101 1182 3162 139.

303 3189 379 3254 Alta
400 3189 492 3275 Ripa,
516 3189 675 3253 Rcbertus
698 3188 748 3266 de,
775 3188 917 3253 Clericus
975 3185 1150 3274 Angervill,
1175 3187 1360 3252 Willielmus
1384 3185 1434 3266 de,
1459 3191 1513 3266 53,
1537 3195 1589 3267 88,

303 3301 592 3452 AltoroysegSimo
608 3366 658 3444 de,
675 3370 730 3430 31.
975 3363 1113 3452 Anglici,
1149 3363 1319 3443 Johannes,
1360 3364 1588 3446 Subdiaconus,

304 3457 386 3522 Alui·
411 3463 464 3522 28.
1108 3458 1183 3518 333.

306 3504 473 3624 Alur'edus,
490 3551 542 3610 46.
977 3542 1140 3630 Anglicus,
1158 3541 1327 3620 Henricus,
1344 3547 1395 3608 74.

303 3635 463 3712 Alvcredi,
482 3634 638 3699 Walterus
654 3633 748 3712 filius,
768 3637 840 3698 133.
976 3631 1103 3720 Anglie,
1141 3631 1352 3708 Camerarius,
1400 3631 1588 3698 Humfridus

303 3724 418 3802 Alwiri,
436 3724 534 3811 Hugo
549 3724 642 3800 filius,
662 3728 732 3788 134.
1108 3720 1187 3783 Dux
1203 3719 1379 3798 Gloucesti,
1395 3725 1470 3786 843.

304 3813 410 3879 Alwifi
425 3813 567 3889 Juvenis,
585 3812 787 3898 PraeposituS,
807 3814 878 3876 135.
976 3809 1104 3896 Anglie,
1138 3807 1287 3874 Johanna
1317 3807 1451 3898 Regina,
1490 3827 1591 3877 mater

303 3902 442 3980 Amblia,
456 3900 645 3988 Radulphus
654 3900 704 3979 de,
716 3899 916 3986 Capellanus,
1110 3897 1207 3985 Regis
1271 3896 1405 3963 Henrici
1465 3899 1590 3980 Quinti,

303 4081 442 4157 Amblia,
461 4077 648 4164 Radulphus
664 4077 713 4154 de,
739 4073 847 4142 Psona
868 4101 919 4142 ec·
982 4075 1112 4164 Anglie,
1140 4075 1220 4152 Rex,
1246 4073 1409 4140 Henricus
1437 4076 1588 4158 Quintus,

435 4168 527 4233 clesie
563 4166 670 4231 Sancti
702 4165 842 4254 Remigii
877 4167 918 4230 de
1111 4169 1182 4228 145.

438 4255 643 4333 Grentevillc,
660 4260 735 4319 332.
975 4253 1102 4343 Anglie,
1120 4251 1326 4330 Senescallus,
1350 4253 1492 4322 Thomas
1514 4257 1591 4322 Dux

303 4353 450 4424 Ambrofi,
467 4346 610 4411 Clericus
627 4344 734 4432 Regis,
752 4347 804 4407 34.
1108 4341 1282 4420 Clu-eneis,
1305 4347 1381 4407 243.

303 4441 395 4516 Arne,
411 4437 581 4512 lohannes,
597 4448 631 4498 et
645 4455 727 4498 uxor
737 4445 770 4497 et
781 4431 916 4498 infantes
975 4432 1101 4520 Anglie,
1118 4430 1357 4508 'Ilresaurarius
1373 4437 1425 4496 69.

434 4528 512 4613 ejus,
528 4529 603 4587 850.
975 4520 1102 4608 Anglie,
1131 4519 1361 4585 'Ilresaurarius
1388 4535 1422 4585 et
1448 4521 1600 4589 Berones·

303 4617 458 4693 Ameline,
475 4614 646 4689 lohannes,
667 4617 738 4678 178.
919 4607 921 4612 ’
1106 4608 1147 4672 de
1165 4609 1337 4686 scaccario,
1353 4615 1430 4676 373.

303 4706 473 4781 Amellsnt,
507 4702 677 4779 16166663,
714 4701 914 4789 Capellanus,
975 4697 1191 4786 Angolismeri,
1210 4698 1333 4774 Comes,
1353 4703 1423 4763 160.

433 4799 506 4858 333.
977 4787 1184 4876 Angonleme,
1202 4811 1228 4850 v.
1246 4786 1417 4874 Engolisrii.
