<?xml version="1.0" encoding="UTF-8"?>
<!DOCTYPE html PUBLIC "-//W3C//DTD XHTML 1.0 Transitional//EN"
    "http://www.w3.org/TR/xhtml1/DTD/xhtml1-transitional.dtd">
<html xmlns="http://www.w3.org/1999/xhtml" xml:lang="en" lang="en">
 <head>
  <title>
</title>
<meta http-equiv="Content-Type" content="text/html;charset=utf-8" />
  <meta name='ocr-system' content='tesseract 3.04.00' />
  <meta name='ocr-capabilities' content='ocr_page ocr_carea ocr_par ocr_line ocrx_word'/>
</head>
<body>
  <div class='ocr_page' id='page_1' title='image "./rotulinormannia00hardgoog_0229.png"; bbox 0 0 3486 5834; ppageno 0'>
   <div class='ocr_carea' id='block_1_1' title="bbox 190 597 1377 694">
    <p class='ocr_par' dir='ltr' id='par_1_1' title="bbox 190 597 1377 694">
     <span class='ocr_line' id='line_1_1' title="bbox 190 597 1377 694; baseline 0.003 -15"><span class='ocrx_word' id='word_1_1' title='bbox 190 611 378 694; x_wconf 71' lang='lat' dir='ltr'><strong>5&#39;Hcrs.V.]</strong></span> <span class='ocrx_word' id='word_1_2' title='bbox 526 609 704 678; x_wconf 87' lang='lat' dir='ltr'>ROTULI</span> <span class='ocrx_word' id='word_1_3' title='bbox 727 597 1039 678; x_wconf 80' lang='lat' dir='ltr'>NORMANNIAE.</span> <span class='ocrx_word' id='word_1_4' title='bbox 1314 609 1377 684; x_wconf 71' lang='grc'><strong>168</strong></span> 
     </span>
    </p>
   </div>
   <div class='ocr_carea' id='block_1_2' title="bbox 190 789 1377 1448">
    <p class='ocr_par' dir='ltr' id='par_1_2' title="bbox 190 789 1377 1448">
     <span class='ocr_line' id='line_1_2' title="bbox 190 789 1375 882; baseline 0.004 -26"><span class='ocrx_word' id='word_1_5' title='bbox 190 793 278 856; x_wconf 85' lang='lat' dir='ltr'><strong>bona</strong></span> <span class='ocrx_word' id='word_1_6' title='bbox 291 792 315 853; x_wconf 77' lang='lat' dir='ltr'><strong>“t</strong></span> <span class='ocrx_word' id='word_1_7' title='bbox 329 790 436 854; x_wconf 79' lang='lat' dir='ltr'><strong>ltrresia</strong></span> <span class='ocrx_word' id='word_1_8' title='bbox 450 811 507 854; x_wconf 89' lang='lat' dir='ltr'><strong>sua</strong></span> <span class='ocrx_word' id='word_1_9' title='bbox 521 811 692 877; x_wconf 62' lang='lat' dir='ltr'><strong>quecumtp.</strong></span> <span class='ocrx_word' id='word_1_10' title='bbox 739 789 869 857; x_wconf 82' lang='lat' dir='ltr'>Proviso</span> <span class='ocrx_word' id='word_1_11' title='bbox 883 813 971 878; x_wconf 85' lang='lat' dir='ltr'><strong>semp</strong></span> <span class='ocrx_word' id='word_1_12' title='bbox 997 791 1042 880; x_wconf 86' lang='lat' dir='ltr'><strong>qd</strong></span> <span class='ocrx_word' id='word_1_13' title='bbox 1066 790 1111 879; x_wconf 74' lang='lat' dir='ltr'><strong>ipi</strong></span> <span class='ocrx_word' id='word_1_14' title='bbox 1130 793 1273 881; x_wconf 79' lang='lat' dir='ltr'><strong>quicq¹m</strong></span> <span class='ocrx_word' id='word_1_15' title='bbox 1287 796 1375 882; x_wconf 89' lang='lat' dir='ltr'><strong>quod</strong></span> 
     </span>
     <span class='ocr_line' id='line_1_3' title="bbox 191 886 1376 994; baseline 0.006 -27"><span class='ocrx_word' id='word_1_16' title='bbox 191 903 227 967; x_wconf 90' lang='lat' dir='ltr'><strong>in</strong></span> <span class='ocrx_word' id='word_1_17' title='bbox 239 905 284 988; x_wconf 68' lang='lat' dir='ltr'><strong>B.</strong></span> <span class='ocrx_word' id='word_1_18' title='bbox 300 905 483 990; x_wconf 71' lang='lat' dir='ltr'>contempni</span> <span class='ocrx_word' id='word_1_19' title='bbox 496 902 547 966; x_wconf 92' lang='lat' dir='ltr'><strong>vel</strong></span> <span class='ocrx_word' id='word_1_20' title='bbox 560 886 700 989; x_wconf 68' lang='lat' dir='ltr'><strong>lijudioiti</strong></span> <span class='ocrx_word' id='word_1_21' title='bbox 714 893 860 992; x_wconf 77' lang='lat' dir='ltr'><strong>aliqualil</strong></span> <span class='ocrx_word' id='word_1_22' title='bbox 873 905 985 970; x_wconf 85' lang='lat' dir='ltr'>cedere</span> <span class='ocrx_word' id='word_1_23' title='bbox 993 905 1097 970; x_wconf 82' lang='lat' dir='ltr'><strong>valcat</strong></span> <span class='ocrx_word' id='word_1_24' title='bbox 1111 928 1176 970; x_wconf 90' lang='lat' dir='ltr'><strong>non</strong></span> <span class='ocrx_word' id='word_1_25' title='bbox 1186 920 1376 994; x_wconf 85' lang='lat' dir='ltr'><strong>attemptent</strong></span> 
     </span>
     <span class='ocr_line' id='line_1_4' title="bbox 190 1008 1375 1108; baseline 0.005 -26"><span class='ocrx_word' id='word_1_26' title='bbox 190 1041 248 1082; x_wconf 84' lang='lat' dir='ltr'><strong>seu</strong></span> <span class='ocrx_word' id='word_1_27' title='bbox 271 1019 321 1082; x_wconf 74' lang='lat' dir='ltr'><strong>fat</strong></span> <span class='ocrx_word' id='word_1_28' title='bbox 345 1008 490 1105; x_wconf 75' lang='lat' dir='ltr'><strong>aliqualil</strong></span> <span class='ocrx_word' id='word_1_29' title='bbox 515 1019 697 1105; x_wconf 81' lang='lat' dir='ltr'><strong>attemptari</strong></span> <span class='ocrx_word' id='word_1_30' title='bbox 721 1017 792 1108; x_wconf 75' lang='lat' dir='ltr'><strong>qdq³</strong></span> <span class='ocrx_word' id='word_1_31' title='bbox 817 1019 863 1105; x_wconf 76' lang='lat' dir='ltr'><strong>ipi</strong></span> <span class='ocrx_word' id='word_1_32' title='bbox 887 1019 994 1106; x_wconf 87' lang='lat' dir='ltr'><strong>aliqua</strong></span> <span class='ocrx_word' id='word_1_33' title='bbox 1007 1041 1030 1107; x_wconf 79' lang='lat' dir='ltr'><strong>p</strong></span> <span class='ocrx_word' id='word_1_34' title='bbox 1045 1019 1178 1086; x_wconf 79' lang='lat' dir='ltr'><strong>stuffirra</strong></span> <span class='ocrx_word' id='word_1_35' title='bbox 1202 1022 1295 1086; x_wconf 83' lang='lat' dir='ltr'><strong>castri</strong></span> <span class='ocrx_word' id='word_1_36' title='bbox 1310 1023 1375 1089; x_wconf 87' lang='lat' dir='ltr'><strong>sive</strong></span> 
     </span>
     <span class='ocr_line' id='line_1_5' title="bbox 190 1119 1375 1224; baseline 0.004 -27"><span class='ocrx_word' id='word_1_37' title='bbox 190 1133 337 1199; x_wconf 76' lang='lat' dir='ltr'><strong>fortalicii</strong></span> <span class='ocrx_word' id='word_1_38' title='bbox 351 1119 425 1220; x_wconf 70' lang='lat' dir='ltr'><strong>{idei</strong></span> <span class='ocrx_word' id='word_1_39' title='bbox 439 1133 614 1198; x_wconf 84' lang='lat' dir='ltr'><strong>necessaria</strong></span> <span class='ocrx_word' id='word_1_40' title='bbox 627 1133 676 1196; x_wconf 86' lang='lat' dir='ltr'><strong>vel</strong></span> <span class='ocrx_word' id='word_1_41' title='bbox 692 1147 848 1219; x_wconf 88' lang='lat' dir='ltr'><strong>oportuna</strong></span> <span class='ocrx_word' id='word_1_42' title='bbox 871 1155 977 1198; x_wconf 86' lang='lat' dir='ltr'><strong>secum</strong></span> <span class='ocrx_word' id='word_1_43' title='bbox 992 1155 1056 1198; x_wconf 87' lang='lat' dir='ltr'><strong>non</strong></span> <span class='ocrx_word' id='word_1_44' title='bbox 1072 1149 1234 1220; x_wconf 82' lang='lat' dir='ltr'><strong>asportent</strong></span> <span class='ocrx_word' id='word_1_45' title='bbox 1253 1137 1375 1224; x_wconf 85' lang='lat' dir='ltr'><strong>quovis-</strong></span> 
     </span>
     <span class='ocr_line' id='line_1_6' title="bbox 192 1245 1377 1336; baseline 0.004 -25"><span class='ocrx_word' id='word_1_46' title='bbox 192 1248 295 1312; x_wconf 88' lang='lat' dir='ltr'><strong>modo.</strong></span> <span class='ocrx_word' id='word_1_47' title='bbox 357 1249 396 1313; x_wconf 91' lang='lat' dir='ltr'><strong>ln</strong></span> <span class='ocrx_word' id='word_1_48' title='bbox 437 1246 506 1334; x_wconf 79' lang='lat' dir='ltr'><strong>cuj9</strong></span> <span class='ocrx_word' id='word_1_49' title='bbox 533 1249 585 1313; x_wconf 70' lang='lat' dir='ltr'><strong>ld.</strong></span> <span class='ocrx_word' id='word_1_50' title='bbox 646 1247 686 1312; x_wconf 89' lang='grc' dir='ltr'><strong>Τ.</strong></span> <span class='ocrx_word' id='word_1_51' title='bbox 712 1247 759 1331; x_wconf 76' lang='lat' dir='ltr'><strong>R.</strong></span> <span class='ocrx_word' id='word_1_52' title='bbox 785 1246 871 1334; x_wconf 91' lang='lat' dir='ltr'><strong>apud</strong></span> <span class='ocrx_word' id='word_1_53' title='bbox 900 1245 1024 1312; x_wconf 70' lang='lat' dir='ltr'><strong>abbiam</strong></span> <span class='ocrx_word' id='word_1_54' title='bbox 1050 1247 1095 1331; x_wconf 70' lang='lat' dir='ltr'><strong>ll.</strong></span> <span class='ocrx_word' id='word_1_55' title='bbox 1122 1248 1175 1313; x_wconf 82' lang='lat' dir='ltr'><strong>sti</strong></span> <span class='ocrx_word' id='word_1_56' title='bbox 1203 1249 1313 1336; x_wconf 83' lang='lat' dir='ltr'><strong>Steplli</strong></span> <span class='ocrx_word' id='word_1_57' title='bbox 1336 1251 1377 1316; x_wconf 82' lang='lat' dir='ltr'><strong>dc</strong></span> 
     </span>
     <span class='ocr_line' id='line_1_7' title="bbox 194 1357 1132 1448; baseline 0 -22"><span class='ocrx_word' id='word_1_58' title='bbox 194 1361 335 1426; x_wconf 85' lang='lat' dir='ltr'><strong>Cadomo</strong></span> <span class='ocrx_word' id='word_1_59' title='bbox 350 1361 385 1425; x_wconf 91' lang='lat' dir='ltr'><strong>in</strong></span> <span class='ocrx_word' id='word_1_60' title='bbox 401 1361 519 1426; x_wconf 85' lang='lat' dir='ltr'><strong>ducatu</strong></span> <span class='ocrx_word' id='word_1_61' title='bbox 533 1360 585 1425; x_wconf 75' lang='lat' dir='ltr'><strong>tt.</strong></span> <span class='ocrx_word' id='word_1_62' title='bbox 600 1383 652 1424; x_wconf 86' lang='lat' dir='ltr'><strong>xv.</strong></span> <span class='ocrx_word' id='word_1_63' title='bbox 668 1361 720 1425; x_wconf 86' lang='lat' dir='ltr'><strong>die</strong></span> <span class='ocrx_word' id='word_1_64' title='bbox 738 1360 914 1447; x_wconf 81' lang='lat' dir='ltr'><strong>Septembi.</strong></span> <span class='ocrx_word' id='word_1_65' title='bbox 960 1357 990 1424; x_wconf 76' lang='grc' dir='ltr'>Ρ</span> <span class='ocrx_word' id='word_1_66' title='bbox 1005 1359 1071 1448; x_wconf 74' lang='lat' dir='ltr'><strong>ipm</strong></span> <span class='ocrx_word' id='word_1_67' title='bbox 1086 1361 1132 1446; x_wconf 71' lang='lat' dir='ltr'><strong>R.</strong></span> 
     </span>
    </p>
   </div>
   <div class='ocr_carea' id='block_1_3' title="bbox 194 1571 1386 2806">
    <p class='ocr_par' dir='ltr' id='par_1_3' title="bbox 510 1571 1379 1810">
     <span class='ocr_line' id='line_1_8' title="bbox 545 1571 1378 1662; baseline 0.008 -26"><span class='ocrx_word' id='word_1_68' title='bbox 545 1572 591 1656; x_wconf 72' lang='lat' dir='ltr'><strong>B.</strong></span> <span class='ocrx_word' id='word_1_69' title='bbox 615 1593 638 1658; x_wconf 82' lang='lat' dir='ltr'><strong>p</strong></span> <span class='ocrx_word' id='word_1_70' title='bbox 662 1571 725 1638; x_wconf 85' lang='lat' dir='ltr'><strong>lras</strong></span> <span class='ocrx_word' id='word_1_71' title='bbox 754 1596 825 1638; x_wconf 88' lang='lat' dir='ltr'><strong>suas</strong></span> <span class='ocrx_word' id='word_1_72' title='bbox 854 1589 997 1662; x_wconf 80' lang='lat' dir='ltr'><strong>potentes</strong></span> <span class='ocrx_word' id='word_1_73' title='bbox 1026 1597 1090 1662; x_wconf 72' lang='lat' dir='ltr'><strong>usq,</strong></span> <span class='ocrx_word' id='word_1_74' title='bbox 1119 1577 1270 1642; x_wconf 84' lang='lat' dir='ltr'><strong>vicesimii</strong></span> <span class='ocrx_word' id='word_1_75' title='bbox 1290 1577 1378 1644; x_wconf 73' lang='lat' dir='ltr'><strong>sddm</strong></span> 
     </span>
     <span class='ocr_line' id='line_1_9' title="bbox 510 1647 1379 1810; baseline 0.012 -63"><span class='ocrx_word' id='word_1_76' title='bbox 510 1647 630 1810; x_wconf 79' lang='lat' dir='ltr'><strong>}diem</strong></span> <span class='ocrx_word' id='word_1_77' title='bbox 656 1685 823 1770; x_wconf 67' lang='lat' dir='ltr'><strong>Septemb?</strong></span> <span class='ocrx_word' id='word_1_78' title='bbox 845 1691 890 1774; x_wconf 71' lang='lat' dir='ltr'><strong>pt</strong></span> <span class='ocrx_word' id='word_1_79' title='bbox 913 1685 1000 1752; x_wconf 70' lang='lat' dir='ltr'><strong>futui</strong></span> <span class='ocrx_word' id='word_1_80' title='bbox 1022 1687 1156 1754; x_wconf 75' lang='lat' dir='ltr'><strong>duratui</strong></span> <span class='ocrx_word' id='word_1_81' title='bbox 1179 1692 1316 1778; x_wconf 81' lang='lat' dir='ltr'><strong>suscepit</strong></span> <span class='ocrx_word' id='word_1_82' title='bbox 1344 1693 1379 1757; x_wconf 88' lang='lat' dir='ltr'><strong>in</strong></span> 
     </span>
    </p>

    <p class='ocr_par' dir='ltr' id='par_1_4' title="bbox 194 1796 1386 2806">
     <span class='ocr_line' id='line_1_10' title="bbox 545 1796 1381 1886; baseline 0.008 -20"><span class='ocrx_word' id='word_1_83' title='bbox 545 1800 633 1866; x_wconf 74' lang='lat' dir='ltr'><strong>sulm</strong></span> <span class='ocrx_word' id='word_1_84' title='bbox 657 1799 708 1864; x_wconf 70' lang='lat' dir='ltr'><strong>‘td</strong></span> <span class='ocrx_word' id='word_1_85' title='bbox 735 1799 909 1866; x_wconf 59' lang='lat' dir='ltr'><strong>Eustachii]</strong></span> <span class='ocrx_word' id='word_1_86' title='bbox 936 1801 977 1868; x_wconf 84' lang='lat' dir='ltr'><strong>de</strong></span> <span class='ocrx_word' id='word_1_87' title='bbox 1008 1796 1070 1886; x_wconf 58' lang='lat' dir='ltr'><strong>Sto</strong></span> <span class='ocrx_word' id='word_1_88' title='bbox 1095 1803 1191 1870; x_wconf 85' lang='lat' dir='ltr'><strong>Petro</strong></span> <span class='ocrx_word' id='word_1_89' title='bbox 1217 1806 1251 1870; x_wconf 88' lang='lat' dir='ltr'><strong>in</strong></span> <span class='ocrx_word' id='word_1_90' title='bbox 1277 1820 1381 1873; x_wconf 77' lang='lat' dir='ltr'><strong>castro</strong></span> 
     </span>
     <span class='ocr_line' id='line_1_11' title="bbox 194 1905 1381 2005; baseline 0.008 -27"><span class='ocrx_word' id='word_1_91' title='bbox 194 1913 262 1978; x_wconf 85' lang='lat' dir='ltr'><strong>sive</strong></span> <span class='ocrx_word' id='word_1_92' title='bbox 277 1912 428 1979; x_wconf 88' lang='lat' dir='ltr'><strong>fortalicio</strong></span> <span class='ocrx_word' id='word_1_93' title='bbox 443 1914 484 1980; x_wconf 87' lang='lat' dir='ltr'><strong>de</strong></span> <span class='ocrx_word' id='word_1_94' title='bbox 500 1914 661 2003; x_wconf 84' lang='lat' dir='ltr'><strong>Lyngiver</strong></span> <span class='ocrx_word' id='word_1_95' title='bbox 687 1916 721 1980; x_wconf 88' lang='lat' dir='ltr'><strong>in</strong></span> <span class='ocrx_word' id='word_1_96' title='bbox 747 1914 864 1980; x_wconf 85' lang='lat' dir='ltr'><strong>ducatu</strong></span> <span class='ocrx_word' id='word_1_97' title='bbox 879 1916 926 2000; x_wconf 73' lang='lat' dir='ltr'><strong>R.</strong></span> <span class='ocrx_word' id='word_1_98' title='bbox 941 1915 1106 1984; x_wconf 76' lang='lat' dir='ltr'><strong>Normanir</strong></span> <span class='ocrx_word' id='word_1_99' title='bbox 1130 1918 1173 1984; x_wconf 87' lang='lat' dir='ltr'><strong>cd</strong></span> <span class='ocrx_word' id='word_1_100' title='bbox 1189 1905 1282 2005; x_wconf 66' lang='lat' dir='ltr'><strong>{iscus</strong></span> <span class='ocrx_word' id='word_1_101' title='bbox 1297 1923 1381 1986; x_wconf 84' lang='lat' dir='ltr'><strong>exis·</strong></span> 
     </span>
     <span class='ocr_line' id='line_1_12' title="bbox 196 2029 1379 2117; baseline 0.006 -23"><span class='ocrx_word' id='word_1_102' title='bbox 196 2042 317 2094; x_wconf 85' lang='lat' dir='ltr'><strong>tentem</strong></span> <span class='ocrx_word' id='word_1_103' title='bbox 330 2031 371 2095; x_wconf 87' lang='lat' dir='ltr'><strong>ab</strong></span> <span class='ocrx_word' id='word_1_104' title='bbox 385 2030 498 2095; x_wconf 86' lang='lat' dir='ltr'><strong>eodem</strong></span> <span class='ocrx_word' id='word_1_105' title='bbox 513 2045 614 2096; x_wconf 83' lang='lat' dir='ltr'><strong>castro</strong></span> <span class='ocrx_word' id='word_1_106' title='bbox 638 2033 679 2096; x_wconf 76' lang='lat' dir='ltr'><strong>cil</strong></span> <span class='ocrx_word' id='word_1_107' title='bbox 703 2029 871 2096; x_wconf 89' lang='lat' dir='ltr'><strong>duodecim</strong></span> <span class='ocrx_word' id='word_1_108' title='bbox 894 2032 999 2117; x_wconf 75' lang='lat' dir='ltr'><strong>peonis</strong></span> <span class='ocrx_word' id='word_1_109' title='bbox 1025 2033 1059 2098; x_wconf 90' lang='lat' dir='ltr'><strong>in</strong></span> <span class='ocrx_word' id='word_1_110' title='bbox 1085 2035 1233 2100; x_wconf 80' lang='lat' dir='ltr'><strong>comitiva</strong></span> <span class='ocrx_word' id='word_1_111' title='bbox 1257 2057 1315 2100; x_wconf 79' lang='lat' dir='ltr'><strong>sua</strong></span> <span class='ocrx_word' id='word_1_112' title='bbox 1339 2035 1379 2101; x_wconf 85' lang='lat' dir='ltr'><strong>ad</strong></span> 
     </span>
     <span class='ocr_line' id='line_1_13' title="bbox 196 2135 1380 2236; baseline 0.006 -28"><span class='ocrx_word' id='word_1_113' title='bbox 196 2166 376 2232; x_wconf 72' lang='lat' dir='ltr'><strong>quamumq,</strong></span> <span class='ocrx_word' id='word_1_114' title='bbox 389 2159 493 2232; x_wconf 85' lang='lat' dir='ltr'><strong>portes</strong></span> <span class='ocrx_word' id='word_1_115' title='bbox 518 2146 611 2234; x_wconf 78' lang='lat' dir='ltr'><strong>regni</strong></span> <span class='ocrx_word' id='word_1_116' title='bbox 626 2145 673 2229; x_wconf 77' lang='lat' dir='ltr'><strong>R.</strong></span> <span class='ocrx_word' id='word_1_117' title='bbox 690 2145 794 2211; x_wconf 70' lang='lat' dir='ltr'><strong>Frcnd</strong></span> <span class='ocrx_word' id='word_1_118' title='bbox 818 2147 879 2212; x_wconf 82' lang='lat' dir='ltr'><strong>sibi</strong></span> <span class='ocrx_word' id='word_1_119' title='bbox 902 2135 1021 2232; x_wconf 81' lang='lat' dir='ltr'><strong>placllit</strong></span> <span class='ocrx_word' id='word_1_120' title='bbox 1044 2147 1214 2213; x_wconf 63' lang='lat' dir='ltr'><strong>ffnseundo</strong></span> <span class='ocrx_word' id='word_1_121' title='bbox 1229 2171 1380 2236; x_wconf 84' lang='lat' dir='ltr'><strong>coequos</strong></span> 
     </span>
     <span class='ocr_line' id='line_1_14' title="bbox 196 2261 1384 2353; baseline 0.005 -28"><span class='ocrx_word' id='word_1_122' title='bbox 196 2283 246 2325; x_wconf 85' lang='lat' dir='ltr'><strong>res</strong></span> <span class='ocrx_word' id='word_1_123' title='bbox 269 2262 355 2327; x_wconf 84' lang='lat' dir='ltr'><strong>bona</strong></span> <span class='ocrx_word' id='word_1_124' title='bbox 368 2261 393 2325; x_wconf 75' lang='lat' dir='ltr'><strong>‘l</strong></span> <span class='ocrx_word' id='word_1_125' title='bbox 407 2261 516 2326; x_wconf 78' lang='lat' dir='ltr'><strong>ltnesia</strong></span> <span class='ocrx_word' id='word_1_126' title='bbox 538 2283 596 2326; x_wconf 85' lang='lat' dir='ltr'><strong>sua</strong></span> <span class='ocrx_word' id='word_1_127' title='bbox 618 2278 791 2348; x_wconf 62' lang='lat' dir='ltr'><strong>quecumtp.</strong></span> <span class='ocrx_word' id='word_1_128' title='bbox 837 2261 966 2327; x_wconf 80' lang='lat' dir='ltr'><strong>Proviso</strong></span> <span class='ocrx_word' id='word_1_129' title='bbox 989 2281 1077 2348; x_wconf 80' lang='lat' dir='ltr'><strong>semp</strong></span> <span class='ocrx_word' id='word_1_130' title='bbox 1103 2263 1147 2351; x_wconf 87' lang='lat' dir='ltr'><strong>qd</strong></span> <span class='ocrx_word' id='word_1_131' title='bbox 1169 2263 1214 2352; x_wconf 73' lang='lat' dir='ltr'><strong>tpi</strong></span> <span class='ocrx_word' id='word_1_132' title='bbox 1240 2265 1384 2353; x_wconf 75' lang='lat' dir='ltr'><strong>quicq⁵m</strong></span> 
     </span>
     <span class='ocr_line' id='line_1_15' title="bbox 198 2361 1386 2469; baseline 0.005 -29"><span class='ocrx_word' id='word_1_133' title='bbox 198 2376 285 2464; x_wconf 88' lang='lat' dir='ltr'><strong>quod</strong></span> <span class='ocrx_word' id='word_1_134' title='bbox 300 2376 333 2440; x_wconf 92' lang='lat' dir='ltr'><strong>in</strong></span> <span class='ocrx_word' id='word_1_135' title='bbox 349 2374 593 2464; x_wconf 72' lang='lat' dir='ltr'><strong>R.contempt1i</strong></span> <span class='ocrx_word' id='word_1_136' title='bbox 620 2375 671 2440; x_wconf 87' lang='lat' dir='ltr'><strong>vel</strong></span> <span class='ocrx_word' id='word_1_137' title='bbox 696 2361 839 2463; x_wconf 68' lang='lat' dir='ltr'><strong>lljudiciti</strong></span> <span class='ocrx_word' id='word_1_138' title='bbox 861 2391 917 2441; x_wconf 89' lang='lat' dir='ltr'><strong>aut</strong></span> <span class='ocrx_word' id='word_1_139' title='bbox 942 2377 1008 2465; x_wconf 75' lang='lat' dir='ltr'><strong>ppli</strong></span> <span class='ocrx_word' id='word_1_140' title='bbox 1022 2379 1072 2443; x_wconf 84' lang='lat' dir='ltr'><strong>sui</strong></span> <span class='ocrx_word' id='word_1_141' title='bbox 1086 2377 1227 2466; x_wconf 87' lang='lat' dir='ltr'><strong>dampm&#39;r</strong></span> <span class='ocrx_word' id='word_1_142' title='bbox 1240 2370 1386 2469; x_wconf 74' lang='lat' dir='ltr'><strong>aliquolil</strong></span> 
     </span>
     <span class='ocr_line' id='line_1_16' title="bbox 197 2479 1385 2585; baseline 0.006 -31"><span class='ocrx_word' id='word_1_143' title='bbox 197 2489 311 2554; x_wconf 84' lang='lat' dir='ltr'><strong>cedere</strong></span> <span class='ocrx_word' id='word_1_144' title='bbox 334 2489 437 2555; x_wconf 83' lang='lat' dir='ltr'><strong>valcat</strong></span> <span class='ocrx_word' id='word_1_145' title='bbox 464 2513 531 2555; x_wconf 90' lang='lat' dir='ltr'><strong>non</strong></span> <span class='ocrx_word' id='word_1_146' title='bbox 566 2503 755 2576; x_wconf 83' lang='lat' dir='ltr'><strong>attemptsnt</strong></span> <span class='ocrx_word' id='word_1_147' title='bbox 783 2513 839 2556; x_wconf 85' lang='lat' dir='ltr'><strong>seu</strong></span> <span class='ocrx_word' id='word_1_148' title='bbox 867 2505 1055 2579; x_wconf 76' lang='lat' dir='ltr'><strong>attemptare</strong></span> <span class='ocrx_word' id='word_1_149' title='bbox 1086 2479 1235 2580; x_wconf 68' lang='lat' dir='ltr'><strong>fisumant</strong></span> <span class='ocrx_word' id='word_1_150' title='bbox 1260 2497 1385 2585; x_wconf 63' lang='lat' dir='ltr'><strong>quovis*</strong></span> 
     </span>
     <span class='ocr_line' id='line_1_17' title="bbox 198 2602 1385 2698; baseline 0.007 -31"><span class='ocrx_word' id='word_1_151' title='bbox 198 2603 303 2668; x_wconf 88' lang='lat' dir='ltr'><strong>modo.</strong></span> <span class='ocrx_word' id='word_1_152' title='bbox 349 2603 389 2668; x_wconf 90' lang='lat' dir='ltr'><strong>ln</strong></span> <span class='ocrx_word' id='word_1_153' title='bbox 414 2602 483 2690; x_wconf 79' lang='lat' dir='ltr'><strong>cuj9</strong></span> <span class='ocrx_word' id='word_1_154' title='bbox 503 2605 554 2670; x_wconf 66' lang='lat' dir='ltr'><strong>ld.</strong></span> <span class='ocrx_word' id='word_1_155' title='bbox 611 2605 651 2668; x_wconf 91' lang='lat' dir='ltr'><strong>T.</strong></span> <span class='ocrx_word' id='word_1_156' title='bbox 676 2605 722 2688; x_wconf 66' lang='lat' dir='ltr'><strong>ll.</strong></span> <span class='ocrx_word' id='word_1_157' title='bbox 745 2606 832 2692; x_wconf 90' lang='lat' dir='ltr'><strong>apud</strong></span> <span class='ocrx_word' id='word_1_158' title='bbox 856 2603 979 2672; x_wconf 68' lang='lat' dir='ltr'><strong>nattam</strong></span> <span class='ocrx_word' id='word_1_159' title='bbox 1005 2607 1059 2674; x_wconf 78' lang='lat' dir='ltr'><strong>‘ta</strong></span> <span class='ocrx_word' id='word_1_160' title='bbox 1085 2623 1122 2674; x_wconf 90' lang='lat' dir='ltr'><strong>ut</strong></span> <span class='ocrx_word' id='word_1_161' title='bbox 1144 2617 1216 2698; x_wconf 75' lang='lat' dir='ltr'><strong>sup‘</strong></span> <span class='ocrx_word' id='word_1_162' title='bbox 1245 2625 1297 2674; x_wconf 78' lang='lat' dir='ltr'><strong>xv.</strong></span> <span class='ocrx_word' id='word_1_163' title='bbox 1332 2611 1385 2675; x_wconf 89' lang='lat' dir='ltr'><strong>die</strong></span> 
     </span>
     <span class='ocr_line' id='line_1_18' title="bbox 201 2718 377 2806; baseline 0.006 -24"><span class='ocrx_word' id='word_1_164' title='bbox 201 2718 377 2806; x_wconf 79' lang='lat' dir='ltr'><strong>septembr.</strong></span> 
     </span>
    </p>
   </div>
   <div class='ocr_carea' id='block_1_4' title="bbox 195 1643 500 1819">
    <p class='ocr_par' dir='ltr' id='par_1_5' title="bbox 195 1643 500 1819">
     <span class='ocr_line' id='line_1_19' title="bbox 195 1643 500 1706; baseline 0 -2"><span class='ocrx_word' id='word_1_165' title='bbox 195 1643 246 1704; x_wconf 87' lang='lat' dir='ltr'><strong>De</strong></span> <span class='ocrx_word' id='word_1_166' title='bbox 258 1643 340 1706; x_wconf 82' lang='lat' dir='ltr'><strong>solvo</strong></span> <span class='ocrx_word' id='word_1_167' title='bbox 350 1643 500 1706; x_wconf 79' lang='lat' dir='ltr'><strong>cortdcctu.</strong></span> 
     </span>
     <span class='ocr_line' id='line_1_20' title="bbox 239 1755 457 1819; baseline 0.009 -3"><span class='ocrx_word' id='word_1_168' title='bbox 239 1755 275 1816; x_wconf 80' lang='lat' dir='ltr'><strong>dc</strong></span> <span class='ocrx_word' id='word_1_169' title='bbox 289 1755 345 1819; x_wconf 74' lang='lat' dir='ltr'><strong>Sto</strong></span> <span class='ocrx_word' id='word_1_170' title='bbox 355 1755 457 1818; x_wconf 82' lang='lat' dir='ltr'><strong>Petro.</strong></span> 
     </span>
    </p>
   </div>
   <div class='ocr_carea' id='block_1_5' title="bbox 201 2931 1385 3593">
    <p class='ocr_par' dir='ltr' id='par_1_6' title="bbox 201 2931 1384 3104">
     <span class='ocr_line' id='line_1_21' title="bbox 201 2931 1384 3104; baseline 0.008 -107"><span class='ocrx_word' id='word_1_171' title='bbox 201 2933 367 3045; x_wconf 30' lang='lat' dir='ltr'><strong>Deam</strong></span> <span class='ocrx_word' id='word_1_172' title='bbox 384 2935 468 3104; x_wconf 43' lang='grc' dir='ltr'><strong>γῇ..</strong></span> <span class='ocrx_word' id='word_1_173' title='bbox 483 2957 504 3020; x_wconf 82' lang='lat' dir='ltr'><strong>p</strong></span> <span class='ocrx_word' id='word_1_174' title='bbox 518 2934 580 3001; x_wconf 88' lang='lat' dir='ltr'><strong>lras</strong></span> <span class='ocrx_word' id='word_1_175' title='bbox 594 2948 665 3002; x_wconf 81' lang='lat' dir='ltr'><strong>suas</strong></span> <span class='ocrx_word' id='word_1_176' title='bbox 680 2949 823 3025; x_wconf 79' lang='lat' dir='ltr'><strong>patentes</strong></span> <span class='ocrx_word' id='word_1_177' title='bbox 845 2957 909 3024; x_wconf 80' lang='lat' dir='ltr'><strong>usq,-</strong></span> <span class='ocrx_word' id='word_1_178' title='bbox 934 2931 1006 3002; x_wconf 79' lang='lat' dir='ltr'><strong>dtm</strong></span> <span class='ocrx_word' id='word_1_179' title='bbox 1028 2939 1179 3004; x_wconf 85' lang='lat' dir='ltr'><strong>vicesimii</strong></span> <span class='ocrx_word' id='word_1_180' title='bbox 1192 2939 1282 3005; x_wconf 72' lang='lat' dir='ltr'><strong>scdm</strong></span> <span class='ocrx_word' id='word_1_181' title='bbox 1297 2939 1384 3006; x_wconf 89' lang='lat' dir='ltr'><strong>diem</strong></span> 
     </span>
    </p>

    <p class='ocr_par' dir='ltr' id='par_1_7' title="bbox 201 3027 1385 3593">
     <span class='ocr_line' id='line_1_22' title="bbox 369 3027 1384 3141; baseline 0.009 -28"><span class='ocrx_word' id='word_1_182' title='bbox 369 3027 377 3044; x_wconf 50' lang='lat'><strong>³</strong></span> <span class='ocrx_word' id='word_1_183' title='bbox 424 3050 590 3137; x_wconf 67' lang='lat' dir='ltr'><strong>Septemb?</strong></span> <span class='ocrx_word' id='word_1_184' title='bbox 615 3050 748 3116; x_wconf 81' lang='lat' dir='ltr'><strong>duratui·</strong></span> <span class='ocrx_word' id='word_1_185' title='bbox 774 3051 910 3136; x_wconf 87' lang='lat' dir='ltr'><strong>suscepit</strong></span> <span class='ocrx_word' id='word_1_186' title='bbox 932 3051 967 3116; x_wconf 90' lang='lat' dir='ltr'><strong>in</strong></span> <span class='ocrx_word' id='word_1_187' title='bbox 991 3053 1080 3118; x_wconf 76' lang='lat' dir='ltr'><strong>salvii</strong></span> <span class='ocrx_word' id='word_1_188' title='bbox 1104 3047 1155 3118; x_wconf 65' lang='lat' dir='ltr'><strong>“td</strong></span> <span class='ocrx_word' id='word_1_189' title='bbox 1185 3053 1317 3141; x_wconf 77' lang='lat' dir='ltr'><strong>Stepltm</strong></span> <span class='ocrx_word' id='word_1_190' title='bbox 1342 3055 1384 3122; x_wconf 85' lang='lat' dir='ltr'><strong>de</strong></span> 
     </span>
     <span class='ocr_line' id='line_1_23' title="bbox 203 3154 1385 3252; baseline 0.005 -26"><span class='ocrx_word' id='word_1_191' title='bbox 203 3160 388 3227; x_wconf 84' lang='lat' dir='ltr'><strong>Rocheffort</strong></span> <span class='ocrx_word' id='word_1_192' title='bbox 411 3161 517 3226; x_wconf 88' lang='lat' dir='ltr'><strong>Willm</strong></span> <span class='ocrx_word' id='word_1_193' title='bbox 531 3161 572 3227; x_wconf 85' lang='lat' dir='ltr'><strong>dc</strong></span> <span class='ocrx_word' id='word_1_194' title='bbox 588 3159 686 3226; x_wconf 91' lang='lat' dir='ltr'><strong>Mont</strong></span> <span class='ocrx_word' id='word_1_195' title='bbox 713 3161 805 3226; x_wconf 76' lang='lat' dir='ltr'><strong>Ritm</strong></span> <span class='ocrx_word' id='word_1_196' title='bbox 819 3161 943 3228; x_wconf 81' lang='lat' dir='ltr'><strong>Ducloz</strong></span> <span class='ocrx_word' id='word_1_197' title='bbox 972 3154 1078 3229; x_wconf 87' lang='lat' dir='ltr'><strong>Willnr</strong></span> <span class='ocrx_word' id='word_1_198' title='bbox 1094 3163 1203 3252; x_wconf 88' lang='lat' dir='ltr'><strong>Payen</strong></span> <span class='ocrx_word' id='word_1_199' title='bbox 1225 3165 1250 3228; x_wconf 80' lang='lat' dir='ltr'><strong>‘t</strong></span> <span class='ocrx_word' id='word_1_200' title='bbox 1279 3166 1385 3232; x_wconf 74' lang='lat' dir='ltr'><strong>Ratm</strong></span> 
     </span>
     <span class='ocr_line' id='line_1_24' title="bbox 201 3275 1383 3363; baseline 0.003 -21"><span class='ocrx_word' id='word_1_201' title='bbox 201 3275 324 3342; x_wconf 81' lang='lat' dir='ltr'><strong>Duclot</strong></span> <span class='ocrx_word' id='word_1_202' title='bbox 343 3276 379 3339; x_wconf 91' lang='lat' dir='ltr'><strong>in</strong></span> <span class='ocrx_word' id='word_1_203' title='bbox 402 3289 504 3340; x_wconf 88' lang='lat' dir='ltr'><strong>castro</strong></span> <span class='ocrx_word' id='word_1_204' title='bbox 527 3275 578 3339; x_wconf 79' lang='lat' dir='ltr'><strong>tt.</strong></span> <span class='ocrx_word' id='word_1_205' title='bbox 602 3289 638 3340; x_wconf 88' lang='lat' dir='ltr'><strong>ut</strong></span> <span class='ocrx_word' id='word_1_206' title='bbox 659 3283 732 3363; x_wconf 81' lang='lat' dir='ltr'><strong>sup¹</strong></span> <span class='ocrx_word' id='word_1_207' title='bbox 756 3297 821 3363; x_wconf 73' lang='lat' dir='ltr'><strong>usq,</strong></span> <span class='ocrx_word' id='word_1_208' title='bbox 844 3275 889 3344; x_wconf 92' lang='lat' dir='ltr'><strong>ibi</strong></span> <span class='ocrx_word' id='word_1_209' title='bbox 912 3279 954 3343; x_wconf 85' lang='lat' dir='ltr'><strong>ab</strong></span> <span class='ocrx_word' id='word_1_210' title='bbox 979 3278 1091 3344; x_wconf 85' lang='lat' dir='ltr'><strong>eodem</strong></span> <span class='ocrx_word' id='word_1_211' title='bbox 1116 3293 1218 3345; x_wconf 82' lang='lat' dir='ltr'><strong>castro</strong></span> <span class='ocrx_word' id='word_1_212' title='bbox 1243 3295 1276 3345; x_wconf 86' lang='lat' dir='ltr'><strong>et</strong></span> <span class='ocrx_word' id='word_1_213' title='bbox 1306 3295 1383 3346; x_wconf 90' lang='lat' dir='ltr'><strong>tunc</strong></span> 
     </span>
     <span class='ocr_line' id='line_1_25' title="bbox 201 3381 1385 3480; baseline 0.003 -24"><span class='ocrx_word' id='word_1_214' title='bbox 201 3393 245 3457; x_wconf 88' lang='lat' dir='ltr'><strong>sic</strong></span> <span class='ocrx_word' id='word_1_215' title='bbox 260 3414 335 3456; x_wconf 89' lang='lat' dir='ltr'><strong>cum</strong></span> <span class='ocrx_word' id='word_1_216' title='bbox 349 3403 420 3456; x_wconf 92' lang='lat' dir='ltr'><strong>octo</strong></span> <span class='ocrx_word' id='word_1_217' title='bbox 434 3391 539 3474; x_wconf 78' lang='lat' dir='ltr'><strong>peonis</strong></span> <span class='ocrx_word' id='word_1_218' title='bbox 560 3391 593 3453; x_wconf 92' lang='lat' dir='ltr'><strong>in</strong></span> <span class='ocrx_word' id='word_1_219' title='bbox 616 3391 762 3455; x_wconf 82' lang='lat' dir='ltr'><strong>comitiva</strong></span> <span class='ocrx_word' id='word_1_220' title='bbox 784 3412 842 3455; x_wconf 83' lang='lat' dir='ltr'><strong>sua</strong></span> <span class='ocrx_word' id='word_1_221' title='bbox 864 3381 916 3455; x_wconf 61' lang='lat' dir='ltr'><strong>‘lo</strong></span> <span class='ocrx_word' id='word_1_222' title='bbox 931 3405 969 3456; x_wconf 90' lang='lat' dir='ltr'><strong>ut</strong></span> <span class='ocrx_word' id='word_1_223' title='bbox 982 3400 1063 3480; x_wconf 71' lang='lat' dir='ltr'><strong>sup‘.</strong></span> <span class='ocrx_word' id='word_1_224' title='bbox 1109 3393 1149 3458; x_wconf 90' lang='lat' dir='ltr'><strong>ln</strong></span> <span class='ocrx_word' id='word_1_225' title='bbox 1164 3391 1232 3480; x_wconf 77' lang='lat' dir='ltr'><strong>cuj⁹</strong></span> <span class='ocrx_word' id='word_1_226' title='bbox 1247 3388 1300 3458; x_wconf 64' lang='grc' dir='ltr'><strong>ἳὸ.</strong></span> <span class='ocrx_word' id='word_1_227' title='bbox 1344 3395 1385 3461; x_wconf 88' lang='grc' dir='ltr'><strong>Τ.</strong></span> 
     </span>
     <span class='ocr_line' id='line_1_26' title="bbox 202 3502 555 3593; baseline -0.014 -21"><span class='ocrx_word' id='word_1_228' title='bbox 202 3521 239 3572; x_wconf 90' lang='lat' dir='ltr'><strong>ut</strong></span> <span class='ocrx_word' id='word_1_229' title='bbox 254 3512 337 3593; x_wconf 77' lang='lat' dir='ltr'><strong>sup&#39;.</strong></span> <span class='ocrx_word' id='word_1_230' title='bbox 383 3502 494 3591; x_wconf 72' lang='lat' dir='ltr'><strong>Pipm</strong></span> <span class='ocrx_word' id='word_1_231' title='bbox 509 3505 555 3587; x_wconf 75' lang='lat' dir='ltr'><strong>R.</strong></span> 
     </span>
    </p>
   </div>
   <div class='ocr_carea' id='block_1_6' title="bbox 202 3732 1392 4970">
    <p class='ocr_par' dir='ltr' id='par_1_8' title="bbox 202 3732 1392 4970">
     <span class='ocr_line' id='line_1_27' title="bbox 600 3732 1384 3834; baseline 0.01 -29"><span class='ocrx_word' id='word_1_232' title='bbox 600 3741 647 3826; x_wconf 75' lang='lat' dir='ltr'><strong>R.</strong></span> <span class='ocrx_word' id='word_1_233' title='bbox 662 3732 767 3827; x_wconf 80' lang='lat' dir='ltr'><strong>oiirib3</strong></span> <span class='ocrx_word' id='word_1_234' title='bbox 783 3739 905 3806; x_wconf 79' lang='lat' dir='ltr'><strong>ballivis</strong></span> <span class='ocrx_word' id='word_1_235' title='bbox 918 3733 943 3804; x_wconf 79' lang='lat' dir='ltr'><strong>‘l</strong></span> <span class='ocrx_word' id='word_1_236' title='bbox 958 3739 1087 3828; x_wconf 81' lang='lat' dir='ltr'><strong>fidelib3</strong></span> <span class='ocrx_word' id='word_1_237' title='bbox 1102 3745 1165 3809; x_wconf 85' lang='lat' dir='ltr'><strong>suis</strong></span> <span class='ocrx_word' id='word_1_238' title='bbox 1182 3745 1224 3810; x_wconf 90' lang='lat' dir='ltr'><strong>ad</strong></span> <span class='ocrx_word' id='word_1_239' title='bbox 1239 3769 1317 3834; x_wconf 85' lang='lat' dir='ltr'><strong>quos</strong></span> <span class='ocrx_word' id='word_1_240' title='bbox 1331 3746 1384 3814; x_wconf 75' lang='lat' dir='ltr'><strong>‘l&#39;c⁴.</strong></span> 
     </span>
     <span class='ocr_line' id='line_1_28' title="bbox 600 3852 1386 3947; baseline 0.009 -28"><span class='ocrx_word' id='word_1_241' title='bbox 600 3853 702 3920; x_wconf 78' lang='lat' dir='ltr'><strong>salim</strong></span> <span class='ocrx_word' id='word_1_242' title='bbox 759 3852 870 3918; x_wconf 85' lang='lat' dir='ltr'><strong>Sciatis</strong></span> <span class='ocrx_word' id='word_1_243' title='bbox 895 3852 940 3941; x_wconf 85' lang='lat' dir='ltr'><strong>qd</strong></span> <span class='ocrx_word' id='word_1_244' title='bbox 964 3854 1135 3942; x_wconf 78' lang='lat' dir='ltr'><strong>suscepim⁹</strong></span> <span class='ocrx_word' id='word_1_245' title='bbox 1165 3857 1198 3921; x_wconf 91' lang='lat' dir='ltr'><strong>in</strong></span> <span class='ocrx_word' id='word_1_246' title='bbox 1227 3858 1386 3947; x_wconf 72' lang='lat' dir='ltr'><strong>ptecto&#39;em</strong></span> 
     </span>
     <span class='ocr_line' id='line_1_29' title="bbox 202 3957 1386 4040; baseline 0.002 -2"><span class='ocrx_word' id='word_1_247' title='bbox 202 3963 458 4038; x_wconf 77' lang='lat' dir='ltr'><strong>‘ldefemionem</strong></span> <span class='ocrx_word' id='word_1_248' title='bbox 483 3975 556 4033; x_wconf 78' lang='lat' dir='ltr'><strong>nias</strong></span> <span class='ocrx_word' id='word_1_249' title='bbox 582 3967 749 4034; x_wconf 82' lang='lat' dir='ltr'><strong>lsabellom</strong></span> <span class='ocrx_word' id='word_1_250' title='bbox 774 3957 869 4031; x_wconf 76' lang='lat' dir='ltr'><strong>ulem</strong></span> <span class='ocrx_word' id='word_1_251' title='bbox 885 3965 1047 4034; x_wconf 84' lang='lat' dir='ltr'><strong>Lodowici</strong></span> <span class='ocrx_word' id='word_1_252' title='bbox 1063 3967 1199 4036; x_wconf 85' lang='lat' dir='ltr'><strong>Breville</strong></span> <span class='ocrx_word' id='word_1_253' title='bbox 1222 3971 1331 4040; x_wconf 83' lang='lat' dir='ltr'><strong>militis</strong></span> <span class='ocrx_word' id='word_1_254' title='bbox 1346 3974 1386 4040; x_wconf 92' lang='lat' dir='ltr'><strong>de</strong></span> 
     </span>
     <span class='ocr_line' id='line_1_30' title="bbox 202 4075 1387 4170; baseline 0.003 -17"><span class='ocrx_word' id='word_1_255' title='bbox 202 4088 321 4153; x_wconf 84' lang='lat' dir='ltr'><strong>ducatu</strong></span> <span class='ocrx_word' id='word_1_256' title='bbox 335 4091 393 4150; x_wconf 79' lang='lat' dir='ltr'><strong>nio</strong></span> <span class='ocrx_word' id='word_1_257' title='bbox 410 4083 575 4148; x_wconf 81' lang='lat' dir='ltr'><strong>Nonnauir</strong></span> <span class='ocrx_word' id='word_1_258' title='bbox 585 4083 725 4168; x_wconf 82' lang='lat' dir='ltr'><strong>juratam</strong></span> <span class='ocrx_word' id='word_1_259' title='bbox 747 4081 862 4170; x_wconf 81' lang='lat' dir='ltr'><strong>ligcam</strong></span> <span class='ocrx_word' id='word_1_260' title='bbox 885 4089 977 4148; x_wconf 81' lang='lat' dir='ltr'><strong>niam</strong></span> <span class='ocrx_word' id='word_1_261' title='bbox 1000 4082 1086 4150; x_wconf 75' lang='lat' dir='ltr'><strong>hdics</strong></span> <span class='ocrx_word' id='word_1_262' title='bbox 1100 4075 1167 4152; x_wconf 78' lang='lat' dir='ltr'><strong>iras</strong></span> <span class='ocrx_word' id='word_1_263' title='bbox 1181 4108 1231 4152; x_wconf 83' lang='lat' dir='ltr'><strong>res</strong></span> <span class='ocrx_word' id='word_1_264' title='bbox 1245 4087 1387 4156; x_wconf 84' lang='lat' dir='ltr'><strong>redditus</strong></span> 
     </span>
     <span class='ocr_line' id='line_1_31' title="bbox 203 4196 1388 4294; baseline 0.003 -27"><span class='ocrx_word' id='word_1_265' title='bbox 203 4197 328 4268; x_wconf 78' lang='lat' dir='ltr'><strong>‘toffics</strong></span> <span class='ocrx_word' id='word_1_266' title='bbox 341 4199 548 4287; x_wconf 83' lang='lat' dir='ltr'><strong>possessiones</strong></span> <span class='ocrx_word' id='word_1_267' title='bbox 563 4199 645 4286; x_wconf 73' lang='lat' dir='ltr'><strong>ipius</strong></span> <span class='ocrx_word' id='word_1_268' title='bbox 661 4197 804 4264; x_wconf 84' lang='lat' dir='ltr'><strong>Isabclle.</strong></span> <span class='ocrx_word' id='word_1_269' title='bbox 849 4196 894 4262; x_wconf 89' lang='lat' dir='ltr'><strong>Et</strong></span> <span class='ocrx_word' id='word_1_270' title='bbox 907 4199 979 4266; x_wconf 90' lang='lat' dir='ltr'><strong>ideo</strong></span> <span class='ocrx_word' id='word_1_271' title='bbox 994 4200 1055 4266; x_wconf 73' lang='lat' dir='ltr'><strong>volt</strong></span> <span class='ocrx_word' id='word_1_272' title='bbox 1064 4201 1229 4268; x_wconf 75' lang='lat' dir='ltr'><strong>mandam⁹</strong></span> <span class='ocrx_word' id='word_1_273' title='bbox 1244 4203 1289 4293; x_wconf 82' lang='lat' dir='ltr'><strong>qt</strong></span> <span class='ocrx_word' id='word_1_274' title='bbox 1302 4205 1388 4294; x_wconf 75' lang='lat' dir='ltr'><strong>ipam</strong></span> 
     </span>
     <span class='ocr_line' id='line_1_32' title="bbox 205 4302 1388 4402; baseline 0.003 -20"><span class='ocrx_word' id='word_1_275' title='bbox 205 4314 373 4382; x_wconf 80' lang='lat' dir='ltr'><strong>lsabellam</strong></span> <span class='ocrx_word' id='word_1_276' title='bbox 386 4313 472 4380; x_wconf 67' lang='lat' dir='ltr'><strong>hores</strong></span> <span class='ocrx_word' id='word_1_277' title='bbox 494 4302 561 4378; x_wconf 83' lang='lat' dir='ltr'><strong>lras</strong></span> <span class='ocrx_word' id='word_1_278' title='bbox 582 4335 632 4377; x_wconf 84' lang='lat' dir='ltr'><strong>res</strong></span> <span class='ocrx_word' id='word_1_279' title='bbox 657 4311 799 4377; x_wconf 87' lang='lat' dir='ltr'><strong>redditus</strong></span> <span class='ocrx_word' id='word_1_280' title='bbox 813 4312 838 4376; x_wconf 78' lang='lat' dir='ltr'><strong>‘l</strong></span> <span class='ocrx_word' id='word_1_281' title='bbox 853 4317 937 4379; x_wconf 78' lang='lat' dir='ltr'><strong>offies</strong></span> <span class='ocrx_word' id='word_1_282' title='bbox 959 4317 1167 4402; x_wconf 83' lang='lat' dir='ltr'><strong>possessiones</strong></span> <span class='ocrx_word' id='word_1_283' title='bbox 1190 4341 1262 4385; x_wconf 85' lang='lat' dir='ltr'><strong>suas</strong></span> <span class='ocrx_word' id='word_1_284' title='bbox 1276 4339 1388 4386; x_wconf 87' lang='lat' dir='ltr'><strong>marru-</strong></span> 
     </span>
     <span class='ocr_line' id='line_1_33' title="bbox 204 4424 1389 4516; baseline 0.003 -21"><span class='ocrx_word' id='word_1_285' title='bbox 204 4428 338 4496; x_wconf 72' lang='lat' dir='ltr'><strong>teneatis</strong></span> <span class='ocrx_word' id='word_1_286' title='bbox 366 4427 503 4516; x_wconf 77' lang='lat' dir='ltr'><strong>ptcgatis</strong></span> <span class='ocrx_word' id='word_1_287' title='bbox 532 4426 557 4489; x_wconf 80' lang='lat' dir='ltr'><strong>‘t</strong></span> <span class='ocrx_word' id='word_1_288' title='bbox 592 4424 767 4492; x_wconf 87' lang='lat' dir='ltr'><strong>defendatis</strong></span> <span class='ocrx_word' id='word_1_289' title='bbox 800 4449 866 4491; x_wconf 90' lang='lat' dir='ltr'><strong>non</strong></span> <span class='ocrx_word' id='word_1_290' title='bbox 903 4427 1073 4493; x_wconf 76' lang='lat' dir='ltr'><strong>inferentes</strong></span> <span class='ocrx_word' id='word_1_291' title='bbox 1110 4430 1156 4496; x_wconf 86' lang='lat' dir='ltr'><strong>eis</strong></span> <span class='ocrx_word' id='word_1_292' title='bbox 1193 4433 1244 4497; x_wconf 90' lang='lat' dir='ltr'><strong>vel</strong></span> <span class='ocrx_word' id='word_1_293' title='bbox 1278 4433 1389 4499; x_wconf 81' lang='lat' dir='ltr'><strong>inferri</strong></span> 
     </span>
     <span class='ocr_line' id='line_1_34' title="bbox 203 4538 1391 4633; baseline 0.004 -25"><span class='ocrx_word' id='word_1_294' title='bbox 203 4543 387 4631; x_wconf 84' lang='lat' dir='ltr'><strong>pmittentes</strong></span> <span class='ocrx_word' id='word_1_295' title='bbox 402 4540 551 4626; x_wconf 82' lang='lat' dir='ltr'><strong>injuriam</strong></span> <span class='ocrx_word' id='word_1_296' title='bbox 565 4538 740 4604; x_wconf 82' lang='lat' dir='ltr'><strong>molestiam</strong></span> <span class='ocrx_word' id='word_1_297' title='bbox 765 4539 907 4627; x_wconf 84' lang='lat' dir='ltr'><strong>dampm&#39;r</strong></span> <span class='ocrx_word' id='word_1_298' title='bbox 929 4557 985 4607; x_wconf 89' lang='lat' dir='ltr'><strong>aut</strong></span> <span class='ocrx_word' id='word_1_299' title='bbox 1007 4549 1167 4631; x_wconf 63' lang='lat' dir='ltr'><strong>g‘vomen.</strong></span> <span class='ocrx_word' id='word_1_300' title='bbox 1214 4546 1258 4612; x_wconf 84' lang='lat' dir='ltr'><strong>Et</strong></span> <span class='ocrx_word' id='word_1_301' title='bbox 1271 4547 1298 4612; x_wconf 89' lang='lat' dir='ltr'><strong>si</strong></span> <span class='ocrx_word' id='word_1_302' title='bbox 1312 4548 1391 4633; x_wconf 89' lang='lat' dir='ltr'><strong>quid</strong></span> 
     </span>
     <span class='ocr_line' id='line_1_35' title="bbox 205 4642 1392 4746; baseline 0.003 -24"><span class='ocrx_word' id='word_1_303' title='bbox 205 4642 510 4722; x_wconf 61' lang='lat' dir='ltr'><strong>cislorisffimfilito</strong></span> <span class='ocrx_word' id='word_1_304' title='bbox 534 4651 635 4716; x_wconf 85' lang='lat' dir='ltr'><strong>ideis</strong></span> <span class='ocrx_word' id='word_1_305' title='bbox 661 4653 729 4718; x_wconf 91' lang='lat' dir='ltr'><strong>sine</strong></span> <span class='ocrx_word' id='word_1_306' title='bbox 752 4652 858 4717; x_wconf 86' lang='lat' dir='ltr'><strong>dilone</strong></span> <span class='ocrx_word' id='word_1_307' title='bbox 881 4653 931 4719; x_wconf 73' lang='lat' dir='ltr'><strong>fat</strong></span> <span class='ocrx_word' id='word_1_308' title='bbox 955 4655 1127 4723; x_wconf 84' lang='lat' dir='ltr'><strong>emendari.</strong></span> <span class='ocrx_word' id='word_1_309' title='bbox 1172 4659 1212 4724; x_wconf 87' lang='lat' dir='ltr'><strong>In</strong></span> <span class='ocrx_word' id='word_1_310' title='bbox 1238 4659 1327 4746; x_wconf 83' lang='lat' dir='ltr'><strong>eujus</strong></span> <span class='ocrx_word' id='word_1_311' title='bbox 1339 4659 1392 4726; x_wconf 78' lang='lat' dir='ltr'><strong>tt.</strong></span> 
     </span>
     <span class='ocr_line' id='line_1_36' title="bbox 207 4762 1391 4856; baseline 0.006 -20"><span class='ocrx_word' id='word_1_312' title='bbox 207 4771 247 4836; x_wconf 92' lang='grc' dir='ltr'><strong>Τ.</strong></span> <span class='ocrx_word' id='word_1_313' title='bbox 263 4767 310 4850; x_wconf 72' lang='grc' dir='ltr'><strong>Β.</strong></span> <span class='ocrx_word' id='word_1_314' title='bbox 337 4765 423 4854; x_wconf 81' lang='lat' dir='ltr'><strong>apud</strong></span> <span class='ocrx_word' id='word_1_315' title='bbox 447 4762 570 4832; x_wconf 69' lang='lat' dir='ltr'><strong>abbiam</strong></span> <span class='ocrx_word' id='word_1_316' title='bbox 596 4765 642 4849; x_wconf 69' lang='lat' dir='ltr'><strong>R.</strong></span> <span class='ocrx_word' id='word_1_317' title='bbox 671 4762 725 4830; x_wconf 80' lang='lat' dir='ltr'><strong>sti</strong></span> <span class='ocrx_word' id='word_1_318' title='bbox 742 4765 852 4850; x_wconf 81' lang='lat' dir='ltr'><strong>Steplli</strong></span> <span class='ocrx_word' id='word_1_319' title='bbox 873 4766 969 4851; x_wconf 87' lang='lat' dir='ltr'><strong>juxta</strong></span> <span class='ocrx_word' id='word_1_320' title='bbox 994 4769 1102 4837; x_wconf 77' lang='lat' dir='ltr'><strong>villam</strong></span> <span class='ocrx_word' id='word_1_321' title='bbox 1124 4771 1171 4856; x_wconf 72' lang='lat' dir='ltr'><strong>B.</strong></span> <span class='ocrx_word' id='word_1_322' title='bbox 1186 4772 1227 4838; x_wconf 91' lang='lat' dir='ltr'><strong>de</strong></span> <span class='ocrx_word' id='word_1_323' title='bbox 1244 4773 1332 4842; x_wconf 86' lang='lat' dir='ltr'><strong>Caen</strong></span> <span class='ocrx_word' id='word_1_324' title='bbox 1358 4777 1391 4842; x_wconf 85' lang='lat' dir='ltr'><strong>in</strong></span> 
     </span>
     <span class='ocr_line' id='line_1_37' title="bbox 207 4877 938 4970; baseline -0.003 -20"><span class='ocrx_word' id='word_1_325' title='bbox 207 4885 326 4952; x_wconf 82' lang='lat' dir='ltr'><strong>ducatu</strong></span> <span class='ocrx_word' id='word_1_326' title='bbox 340 4883 391 4950; x_wconf 74' lang='lat' dir='ltr'><strong>tt</strong></span> <span class='ocrx_word' id='word_1_327' title='bbox 405 4883 460 4969; x_wconf 85' lang='lat' dir='ltr'><strong>xij.</strong></span> <span class='ocrx_word' id='word_1_328' title='bbox 475 4883 528 4949; x_wconf 92' lang='lat' dir='ltr'><strong>die</strong></span> <span class='ocrx_word' id='word_1_329' title='bbox 544 4883 718 4970; x_wconf 77' lang='lat' dir='ltr'><strong>Septembi.</strong></span> <span class='ocrx_word' id='word_1_330' title='bbox 766 4877 796 4944; x_wconf 75' lang='lat' dir='ltr'><strong>l?</strong></span> <span class='ocrx_word' id='word_1_331' title='bbox 811 4879 878 4968; x_wconf 68' lang='lat' dir='ltr'><strong>ipm</strong></span> <span class='ocrx_word' id='word_1_332' title='bbox 893 4881 938 4967; x_wconf 68' lang='lat' dir='ltr'><strong>ll».</strong></span> 
     </span>
    </p>
   </div>
   <div class='ocr_carea' id='block_1_7' title="bbox 203 3748 593 3910">
    <p class='ocr_par' dir='ltr' id='par_1_9' title="bbox 203 3748 593 3910">
     <span class='ocr_line' id='line_1_38' title="bbox 203 3748 593 3910; baseline -0.01 -56"><span class='ocrx_word' id='word_1_333' title='bbox 203 3791 253 3854; x_wconf 80' lang='lat' dir='ltr'><strong>Dc</strong></span> <span class='ocrx_word' id='word_1_334' title='bbox 267 3792 387 3873; x_wconf 63' lang='lat' dir='ltr'><strong>pactae</strong></span> <span class='ocrx_word' id='word_1_335' title='bbox 401 3782 541 3851; x_wconf 79' lang='lat' dir='ltr'><strong>Breoillc.</strong></span> <span class='ocrx_word' id='word_1_336' title='bbox 563 3748 593 3910; x_wconf 72' lang='lat'>}</span> 
     </span>
    </p>
   </div>
   <div class='ocr_carea' id='block_1_8' title="bbox 787 5041 855 5094">
    <p class='ocr_par' dir='ltr' id='par_1_10' title="bbox 787 5041 855 5094">
     <span class='ocr_line' id='line_1_39' title="bbox 787 5041 855 5094; baseline 0 0"><span class='ocrx_word' id='word_1_337' title='bbox 787 5041 855 5094; x_wconf 65' lang='grc' dir='ltr'><strong>ΜΞ</strong></span> 
     </span>
    </p>
   </div>
   <div class='ocr_carea' id='block_1_9' title="bbox 0 0 1768 5834">
    <p class='ocr_par' dir='ltr' id='par_1_11' title="bbox 0 0 1768 5834">
     <span class='ocr_line' id='line_1_40' title="bbox 0 0 1768 5834; baseline 0 0"><span class='ocrx_word' id='word_1_338' title='bbox 0 0 1768 5834; x_wconf 95' lang='lat' dir='ltr'><strong> </strong></span> 
     </span>
    </p>
   </div>
  </div>
 </body>
</html>
