<?xml version="1.0" encoding="UTF-8"?>
<!DOCTYPE html PUBLIC "-//W3C//DTD XHTML 1.0 Transitional//EN"
    "http://www.w3.org/TR/xhtml1/DTD/xhtml1-transitional.dtd">
<html xmlns="http://www.w3.org/1999/xhtml" xml:lang="en" lang="en">
 <head>
  <title>
</title>
<meta http-equiv="Content-Type" content="text/html;charset=utf-8" />
  <meta name='ocr-system' content='tesseract 3.04.00' />
  <meta name='ocr-capabilities' content='ocr_page ocr_carea ocr_par ocr_line ocrx_word'/>
</head>
<body>
  <div class='ocr_page' id='page_1' title='image "./rotulinormannia00hardgoog_0218.png"; bbox 0 0 3486 5834; ppageno 0'>
   <div class='ocr_carea' id='block_1_1' title="bbox 338 545 1523 628">
    <p class='ocr_par' dir='ltr' id='par_1_1' title="bbox 338 545 1523 628">
     <span class='ocr_line' id='line_1_1' title="bbox 338 545 1523 628; baseline -0.004 -10"><span class='ocrx_word' id='word_1_1' title='bbox 338 553 401 618; x_wconf 74' lang='lat'>152</span> <span class='ocrx_word' id='word_1_2' title='bbox 666 549 845 618; x_wconf 86' lang='lat' dir='ltr'><strong>ROTULI</strong></span> <span class='ocrx_word' id='word_1_3' title='bbox 867 545 1182 617; x_wconf 82' lang='lat' dir='ltr'>NORMANNIAE.</span> <span class='ocrx_word' id='word_1_4' title='bbox 1305 545 1523 628; x_wconf 80' lang='lat' dir='ltr'><strong>[A.D.1417.</strong></span> 
     </span>
    </p>
   </div>
   <div class='ocr_carea' id='block_1_2' title="bbox 335 721 1523 2307">
    <p class='ocr_par' dir='ltr' id='par_1_2' title="bbox 335 721 1523 2307">
     <span class='ocr_line' id='line_1_2' title="bbox 690 721 1522 816; baseline -0.005 -22"><span class='ocrx_word' id='word_1_5' title='bbox 690 728 738 812; x_wconf 70' lang='lat' dir='ltr'>R.</span> <span class='ocrx_word' id='word_1_6' title='bbox 752 727 851 815; x_wconf 77' lang='lat' dir='ltr'>pirae</span> <span class='ocrx_word' id='word_1_7' title='bbox 876 751 948 794; x_wconf 89' lang='lat' dir='ltr'>suas</span> <span class='ocrx_word' id='word_1_8' title='bbox 971 741 1113 816; x_wconf 84' lang='lat' dir='ltr'>patentes</span> <span class='ocrx_word' id='word_1_9' title='bbox 1138 748 1204 814; x_wconf 79' lang='lat' dir='ltr'>usq</span> <span class='ocrx_word' id='word_1_10' title='bbox 1228 725 1311 792; x_wconf 79' lang='lat' dir='ltr'>sestv&#39;r</span> <span class='ocrx_word' id='word_1_11' title='bbox 1335 725 1389 790; x_wconf 77' lang='lat' dir='ltr'>Sti</span> <span class='ocrx_word' id='word_1_12' title='bbox 1405 721 1522 790; x_wconf 73' lang='lat' dir='ltr'>Michis</span> 
     </span>
     <span class='ocr_line' id='line_1_3' title="bbox 336 800 1522 972; baseline -0.003 -65"><span class='ocrx_word' id='word_1_13' title='bbox 336 800 388 864; x_wconf 48' lang='grc' dir='ltr'>ΒΘ</span> <span class='ocrx_word' id='word_1_14' title='bbox 402 801 482 864; x_wconf 72' lang='lat'><em>⁸⁰²²&#39;0</em></span> <span class='ocrx_word' id='word_1_15' title='bbox 496 802 736 972; x_wconf 49' lang='lat' dir='ltr'>Wffls</span> <span class='ocrx_word' id='word_1_16' title='bbox 760 842 848 908; x_wconf 76' lang='lat' dir='ltr'>futur</span> <span class='ocrx_word' id='word_1_17' title='bbox 872 843 1004 908; x_wconf 70' lang='lat' dir='ltr'>omarus</span> <span class='ocrx_word' id='word_1_18' title='bbox 1027 842 1164 930; x_wconf 68' lang='lat' dir='ltr'>suscepit</span> <span class='ocrx_word' id='word_1_19' title='bbox 1186 842 1221 906; x_wconf 77' lang='lat' dir='ltr'>n</span> <span class='ocrx_word' id='word_1_20' title='bbox 1236 839 1522 906; x_wconf 65' lang='lat' dir='ltr'>suanensem</span> 
     </span>
     <span class='ocr_line' id='line_1_4' title="bbox 416 915 1523 1024; baseline -0.005 1"><span class='ocrx_word' id='word_1_21' title='bbox 416 915 567 979; x_wconf 34' lang='grc' dir='ltr'>ΗΜΘΝ</span> <span class='ocrx_word' id='word_1_22' title='bbox 694 958 840 1024; x_wconf 86' lang='lat' dir='ltr'>Descrois</span> <span class='ocrx_word' id='word_1_23' title='bbox 863 958 997 1024; x_wconf 89' lang='lat' dir='ltr'>militem</span> <span class='ocrx_word' id='word_1_24' title='bbox 1022 957 1136 1023; x_wconf 75' lang='lat' dir='ltr'>Johem</span> <span class='ocrx_word' id='word_1_25' title='bbox 1156 955 1303 1022; x_wconf 86' lang='lat' dir='ltr'>Bernard</span> <span class='ocrx_word' id='word_1_26' title='bbox 1316 954 1429 1020; x_wconf 79' lang='lat' dir='ltr'>Johem</span> <span class='ocrx_word' id='word_1_27' title='bbox 1445 955 1523 1020; x_wconf 87' lang='lat' dir='ltr'>Les·</span> 
     </span>
     <span class='ocr_line' id='line_1_5' title="bbox 335 1055 1520 1158; baseline 0.001 -24"><span class='ocrx_word' id='word_1_28' title='bbox 335 1071 430 1137; x_wconf 86' lang='lat' dir='ltr'>veille</span> <span class='ocrx_word' id='word_1_29' title='bbox 452 1071 552 1136; x_wconf 83' lang='lat' dir='ltr'>Petn&#39;r</span> <span class='ocrx_word' id='word_1_30' title='bbox 566 1071 676 1136; x_wconf 88' lang='lat' dir='ltr'>Belier</span> <span class='ocrx_word' id='word_1_31' title='bbox 695 1070 720 1134; x_wconf 77' lang='lat' dir='ltr'>‘t</span> <span class='ocrx_word' id='word_1_32' title='bbox 738 1072 870 1158; x_wconf 77' lang='lat' dir='ltr'>Stephm</span> <span class='ocrx_word' id='word_1_33' title='bbox 893 1071 934 1135; x_wconf 89' lang='lat' dir='ltr'>de</span> <span class='ocrx_word' id='word_1_34' title='bbox 956 1071 989 1136; x_wconf 81' lang='lat' dir='ltr'>la</span> <span class='ocrx_word' id='word_1_35' title='bbox 1005 1069 1096 1136; x_wconf 84' lang='lat' dir='ltr'>Flote</span> <span class='ocrx_word' id='word_1_36' title='bbox 1117 1093 1192 1136; x_wconf 92' lang='lat' dir='ltr'>cum</span> <span class='ocrx_word' id='word_1_37' title='bbox 1216 1084 1354 1157; x_wconf 88' lang='lat' dir='ltr'>quatuor</span> <span class='ocrx_word' id='word_1_38' title='bbox 1366 1055 1520 1155; x_wconf 66' lang='lat' dir='ltr'>dvientibf,</span> 
     </span>
     <span class='ocr_line' id='line_1_6' title="bbox 335 1184 1521 1275; baseline -0.003 -23"><span class='ocrx_word' id='word_1_39' title='bbox 335 1189 401 1252; x_wconf 88' lang='lat' dir='ltr'>suis</span> <span class='ocrx_word' id='word_1_40' title='bbox 415 1188 449 1252; x_wconf 93' lang='lat' dir='ltr'>in</span> <span class='ocrx_word' id='word_1_41' title='bbox 465 1188 612 1252; x_wconf 84' lang='lat' dir='ltr'><strong>comitiva</strong></span> <span class='ocrx_word' id='word_1_42' title='bbox 625 1210 683 1252; x_wconf 86' lang='lat' dir='ltr'>sua</span> <span class='ocrx_word' id='word_1_43' title='bbox 696 1189 731 1251; x_wconf 89' lang='lat' dir='ltr'>in</span> <span class='ocrx_word' id='word_1_44' title='bbox 746 1187 883 1275; x_wconf 83' lang='lat' dir='ltr'>quadam</span> <span class='ocrx_word' id='word_1_45' title='bbox 898 1187 971 1251; x_wconf 92' lang='lat' dir='ltr'>navi</span> <span class='ocrx_word' id='word_1_46' title='bbox 996 1187 1062 1250; x_wconf 89' lang='lat' dir='ltr'>sive</span> <span class='ocrx_word' id='word_1_47' title='bbox 1087 1185 1251 1274; x_wconf 87' lang='lat' dir='ltr'>balingera</span> <span class='ocrx_word' id='word_1_48' title='bbox 1275 1207 1341 1250; x_wconf 84' lang='lat' dir='ltr'>una</span> <span class='ocrx_word' id='word_1_49' title='bbox 1355 1187 1396 1250; x_wconf 83' lang='lat' dir='ltr'>cvi</span> <span class='ocrx_word' id='word_1_50' title='bbox 1408 1184 1521 1273; x_wconf 83' lang='lat' dir='ltr'>viginti</span> 
     </span>
     <span class='ocr_line' id='line_1_7' title="bbox 336 1299 1522 1390; baseline -0.003 -23"><span class='ocrx_word' id='word_1_51' title='bbox 336 1303 361 1367; x_wconf 77' lang='lat' dir='ltr'>‘t</span> <span class='ocrx_word' id='word_1_52' title='bbox 376 1303 482 1390; x_wconf 78' lang='lat' dir='ltr'>quinq</span> <span class='ocrx_word' id='word_1_53' title='bbox 494 1304 605 1390; x_wconf 82' lang='lat' dir='ltr'>psonis·</span> <span class='ocrx_word' id='word_1_54' title='bbox 620 1317 678 1368; x_wconf 84' lang='lat' dir='ltr'>aut</span> <span class='ocrx_word' id='word_1_55' title='bbox 692 1299 805 1390; x_wconf 85' lang='lat' dir='ltr'>t¹ginta</span> <span class='ocrx_word' id='word_1_56' title='bbox 817 1303 924 1389; x_wconf 82' lang='lat' dir='ltr'>peonis</span> <span class='ocrx_word' id='word_1_57' title='bbox 939 1301 1116 1367; x_wconf 74' lang='lat' dir='ltr'>marhsariis</span> <span class='ocrx_word' id='word_1_58' title='bbox 1131 1323 1168 1366; x_wconf 90' lang='lat' dir='ltr'>ac</span> <span class='ocrx_word' id='word_1_59' title='bbox 1182 1301 1252 1365; x_wconf 85' lang='lat' dir='ltr'>aliis</span> <span class='ocrx_word' id='word_1_60' title='bbox 1265 1300 1371 1386; x_wconf 82' lang='lat' dir='ltr'>peonis</span> <span class='ocrx_word' id='word_1_61' title='bbox 1393 1301 1522 1366; x_wconf 85' lang='lat' dir='ltr'>armatis</span> 
     </span>
     <span class='ocr_line' id='line_1_8' title="bbox 335 1415 1520 1507; baseline -0.004 -23"><span class='ocrx_word' id='word_1_62' title='bbox 335 1419 369 1484; x_wconf 87' lang='lat' dir='ltr'>in</span> <span class='ocrx_word' id='word_1_63' title='bbox 385 1417 496 1484; x_wconf 87' lang='lat' dir='ltr'>eadem</span> <span class='ocrx_word' id='word_1_64' title='bbox 511 1419 585 1484; x_wconf 84' lang='lat' dir='ltr'>navi</span> <span class='ocrx_word' id='word_1_65' title='bbox 609 1419 674 1483; x_wconf 89' lang='lat' dir='ltr'>sive</span> <span class='ocrx_word' id='word_1_66' title='bbox 696 1418 860 1507; x_wconf 82' lang='lat' dir='ltr'>balingera</span> <span class='ocrx_word' id='word_1_67' title='bbox 873 1417 995 1482; x_wconf 71' lang='lat' dir='ltr'>existen</span> <span class='ocrx_word' id='word_1_68' title='bbox 1009 1418 1045 1481; x_wconf 90' lang='lat' dir='ltr'>in</span> <span class='ocrx_word' id='word_1_69' title='bbox 1059 1419 1161 1505; x_wconf 75' lang='lat' dir='ltr'>regnu</span> <span class='ocrx_word' id='word_1_70' title='bbox 1175 1417 1223 1500; x_wconf 67' lang='lat' dir='ltr'>R.</span> <span class='ocrx_word' id='word_1_71' title='bbox 1238 1415 1328 1504; x_wconf 80' lang='lat' dir='ltr'>Angi</span> <span class='ocrx_word' id='word_1_72' title='bbox 1350 1415 1520 1480; x_wconf 75' lang='lat' dir='ltr'>t²nseundo</span> 
     </span>
     <span class='ocr_line' id='line_1_9' title="bbox 336 1530 1520 1621; baseline -0.002 -25"><span class='ocrx_word' id='word_1_73' title='bbox 336 1533 401 1596; x_wconf 73' lang='lat' dir='ltr'>ihm</span> <span class='ocrx_word' id='word_1_74' title='bbox 424 1533 579 1600; x_wconf 88' lang='lat' dir='ltr'>morando</span> <span class='ocrx_word' id='word_1_75' title='bbox 603 1533 629 1596; x_wconf 76' lang='lat' dir='ltr'>‘t</span> <span class='ocrx_word' id='word_1_76' title='bbox 655 1533 771 1598; x_wconf 87' lang='lat' dir='ltr'>exinde</span> <span class='ocrx_word' id='word_1_77' title='bbox 795 1533 838 1598; x_wconf 90' lang='lat' dir='ltr'>ad</span> <span class='ocrx_word' id='word_1_78' title='bbox 863 1534 956 1621; x_wconf 77' lang='lat' dir='ltr'>ppria</span> <span class='ocrx_word' id='word_1_79' title='bbox 981 1531 1144 1598; x_wconf 88' lang='lat' dir='ltr'>redeundo</span> <span class='ocrx_word' id='word_1_80' title='bbox 1169 1553 1295 1596; x_wconf 81' lang='lat' dir='ltr'>necnon</span> <span class='ocrx_word' id='word_1_81' title='bbox 1320 1553 1434 1595; x_wconf 92' lang='lat' dir='ltr'>navem</span> <span class='ocrx_word' id='word_1_82' title='bbox 1456 1530 1520 1595; x_wconf 90' lang='lat' dir='ltr'>sive</span> 
     </span>
     <span class='ocr_line' id='line_1_10' title="bbox 337 1633 1520 1737; baseline -0.003 -23"><span class='ocrx_word' id='word_1_83' title='bbox 337 1648 533 1737; x_wconf 81' lang='lat' dir='ltr'>balingeram</span> <span class='ocrx_word' id='word_1_84' title='bbox 554 1633 670 1734; x_wconf 56' lang='lat' dir='ltr'>{ideam</span> <span class='ocrx_word' id='word_1_85' title='bbox 695 1671 732 1714; x_wconf 89' lang='lat' dir='ltr'>ao</span> <span class='ocrx_word' id='word_1_86' title='bbox 747 1649 832 1713; x_wconf 88' lang='lat' dir='ltr'>bona</span> <span class='ocrx_word' id='word_1_87' title='bbox 855 1671 905 1712; x_wconf 89' lang='lat' dir='ltr'>res</span> <span class='ocrx_word' id='word_1_88' title='bbox 919 1647 943 1709; x_wconf 83' lang='lat' dir='ltr'>‘t</span> <span class='ocrx_word' id='word_1_89' title='bbox 957 1646 1068 1711; x_wconf 76' lang='lat' dir='ltr'>linesia</span> <span class='ocrx_word' id='word_1_90' title='bbox 1092 1669 1149 1711; x_wconf 85' lang='lat' dir='ltr'>sua</span> <span class='ocrx_word' id='word_1_91' title='bbox 1172 1666 1344 1734; x_wconf 79' lang='lat' dir='ltr'>quecumq.</span> <span class='ocrx_word' id='word_1_92' title='bbox 1390 1643 1520 1710; x_wconf 82' lang='lat' dir='ltr'>Proviso</span> 
     </span>
     <span class='ocr_line' id='line_1_11' title="bbox 336 1758 1520 1850; baseline -0.005 -22"><span class='ocrx_word' id='word_1_93' title='bbox 336 1786 425 1850; x_wconf 87' lang='lat' dir='ltr'>semp</span> <span class='ocrx_word' id='word_1_94' title='bbox 446 1763 491 1850; x_wconf 85' lang='lat' dir='ltr'>qd</span> <span class='ocrx_word' id='word_1_95' title='bbox 515 1763 612 1827; x_wconf 90' lang='lat' dir='ltr'>iidem</span> <span class='ocrx_word' id='word_1_96' title='bbox 636 1762 733 1828; x_wconf 78' lang='lat' dir='ltr'>Jones</span> <span class='ocrx_word' id='word_1_97' title='bbox 748 1762 843 1828; x_wconf 79' lang='lat' dir='ltr'>Johes</span> <span class='ocrx_word' id='word_1_98' title='bbox 869 1761 964 1827; x_wconf 79' lang='lat' dir='ltr'>Johes</span> <span class='ocrx_word' id='word_1_99' title='bbox 991 1761 1105 1826; x_wconf 87' lang='lat' dir='ltr'>Petrus</span> <span class='ocrx_word' id='word_1_100' title='bbox 1120 1759 1144 1823; x_wconf 79' lang='lat' dir='ltr'>‘t</span> <span class='ocrx_word' id='word_1_101' title='bbox 1162 1759 1297 1846; x_wconf 76' lang='lat' dir='ltr'>Stepitus</span> <span class='ocrx_word' id='word_1_102' title='bbox 1321 1781 1360 1824; x_wconf 89' lang='lat' dir='ltr'>ac</span> <span class='ocrx_word' id='word_1_103' title='bbox 1384 1758 1520 1844; x_wconf 76' lang='lat' dir='ltr'>psone‘t</span> 
     </span>
     <span class='ocr_line' id='line_1_12' title="bbox 336 1861 1521 1962; baseline -0.004 -21"><span class='ocrx_word' id='word_1_104' title='bbox 336 1874 499 1942; x_wconf 87' lang='lat' dir='ltr'>marinarii</span> <span class='ocrx_word' id='word_1_105' title='bbox 512 1861 587 1961; x_wconf 64' lang='lat' dir='ltr'>{idai</span> <span class='ocrx_word' id='word_1_106' title='bbox 606 1877 689 1941; x_wconf 89' lang='lat' dir='ltr'>bene</span> <span class='ocrx_word' id='word_1_107' title='bbox 703 1875 727 1938; x_wconf 84' lang='lat' dir='ltr'>‘t</span> <span class='ocrx_word' id='word_1_108' title='bbox 740 1875 873 1940; x_wconf 79' lang='lat' dir='ltr'>honeste</span> <span class='ocrx_word' id='word_1_109' title='bbox 896 1896 930 1938; x_wconf 88' lang='lat' dir='ltr'>se</span> <span class='ocrx_word' id='word_1_110' title='bbox 955 1874 1054 1938; x_wconf 78' lang='lat' dir='ltr'>heant</span> <span class='ocrx_word' id='word_1_111' title='bbox 1066 1873 1091 1937; x_wconf 77' lang='lat' dir='ltr'>‘t</span> <span class='ocrx_word' id='word_1_112' title='bbox 1105 1889 1219 1962; x_wconf 78' lang='lat' dir='ltr'>gerant</span> <span class='ocrx_word' id='word_1_113' title='bbox 1241 1895 1319 1962; x_wconf 83' lang='lat' dir='ltr'>erga</span> <span class='ocrx_word' id='word_1_114' title='bbox 1332 1872 1380 1957; x_wconf 72' lang='lat' dir='ltr'>R.</span> <span class='ocrx_word' id='word_1_115' title='bbox 1395 1871 1420 1936; x_wconf 81' lang='lat' dir='ltr'>‘t</span> <span class='ocrx_word' id='word_1_116' title='bbox 1433 1869 1521 1959; x_wconf 72' lang='lat' dir='ltr'>ppim</span> 
     </span>
     <span class='ocr_line' id='line_1_13' title="bbox 335 1973 1520 2079; baseline -0.007 -21"><span class='ocrx_word' id='word_1_117' title='bbox 335 1995 396 2058; x_wconf 76' lang='lat' dir='ltr'>suti</span> <span class='ocrx_word' id='word_1_118' title='bbox 409 2015 447 2058; x_wconf 92' lang='lat' dir='ltr'>ac</span> <span class='ocrx_word' id='word_1_119' title='bbox 469 1991 612 2079; x_wconf 81' lang='lat' dir='ltr'>quicq²m</span> <span class='ocrx_word' id='word_1_120' title='bbox 626 1989 713 2079; x_wconf 92' lang='lat' dir='ltr'>quod</span> <span class='ocrx_word' id='word_1_121' title='bbox 727 1989 761 2054; x_wconf 89' lang='lat' dir='ltr'>in</span> <span class='ocrx_word' id='word_1_122' title='bbox 776 1989 824 2074; x_wconf 68' lang='lat' dir='ltr'>R.</span> <span class='ocrx_word' id='word_1_123' title='bbox 850 1991 1035 2076; x_wconf 80' lang='lat' dir='ltr'>contempni</span> <span class='ocrx_word' id='word_1_124' title='bbox 1058 1987 1110 2052; x_wconf 90' lang='lat' dir='ltr'>vel</span> <span class='ocrx_word' id='word_1_125' title='bbox 1134 1973 1277 2075; x_wconf 66' lang='lat' dir='ltr'>fijudiciv&#39;r</span> <span class='ocrx_word' id='word_1_126' title='bbox 1300 2001 1356 2052; x_wconf 87' lang='lat' dir='ltr'>aut</span> <span class='ocrx_word' id='word_1_127' title='bbox 1381 1985 1448 2074; x_wconf 73' lang='lat' dir='ltr'>ppli</span> <span class='ocrx_word' id='word_1_128' title='bbox 1472 1986 1520 2050; x_wconf 90' lang='lat' dir='ltr'>sui</span> 
     </span>
     <span class='ocr_line' id='line_1_14' title="bbox 335 2087 1521 2192; baseline -0.003 -22"><span class='ocrx_word' id='word_1_129' title='bbox 335 2105 477 2192; x_wconf 80' lang='lat' dir='ltr'>dampnfi</span> <span class='ocrx_word' id='word_1_130' title='bbox 490 2093 636 2192; x_wconf 67' lang='lat' dir='ltr'>aliqualii</span> <span class='ocrx_word' id='word_1_131' title='bbox 651 2103 763 2170; x_wconf 83' lang='lat' dir='ltr'>cedere</span> <span class='ocrx_word' id='word_1_132' title='bbox 778 2102 881 2168; x_wconf 85' lang='lat' dir='ltr'>valeat</span> <span class='ocrx_word' id='word_1_133' title='bbox 895 2125 961 2168; x_wconf 91' lang='lat' dir='ltr'>non</span> <span class='ocrx_word' id='word_1_134' title='bbox 975 2115 1166 2188; x_wconf 86' lang='lat' dir='ltr'>attemptent</span> <span class='ocrx_word' id='word_1_135' title='bbox 1186 2123 1242 2166; x_wconf 90' lang='lat' dir='ltr'>seu</span> <span class='ocrx_word' id='word_1_136' title='bbox 1255 2101 1438 2188; x_wconf 80' lang='lat' dir='ltr'>attemptari</span> <span class='ocrx_word' id='word_1_137' title='bbox 1452 2087 1521 2166; x_wconf 75' lang='lat' dir='ltr'>fade</span> 
     </span>
     <span class='ocr_line' id='line_1_15' title="bbox 335 2205 1405 2307; baseline -0.006 -23"><span class='ocrx_word' id='word_1_138' title='bbox 335 2205 483 2306; x_wconf 53' lang='lat' dir='ltr'>§sumant</span> <span class='ocrx_word' id='word_1_139' title='bbox 498 2218 714 2307; x_wconf 83' lang='lat' dir='ltr'><strong>quovismodo.</strong></span> <span class='ocrx_word' id='word_1_140' title='bbox 759 2217 798 2282; x_wconf 95' lang='lat' dir='ltr'>In</span> <span class='ocrx_word' id='word_1_141' title='bbox 813 2214 882 2303; x_wconf 81' lang='lat' dir='ltr'>cuj⁹</span> <span class='ocrx_word' id='word_1_142' title='bbox 897 2215 947 2280; x_wconf 78' lang='lat' dir='ltr'>st.</span> <span class='ocrx_word' id='word_1_143' title='bbox 995 2214 1035 2280; x_wconf 89' lang='grc' dir='ltr'>Τ.</span> <span class='ocrx_word' id='word_1_144' title='bbox 1052 2229 1089 2284; x_wconf 85' lang='lat' dir='ltr'>ut</span> <span class='ocrx_word' id='word_1_145' title='bbox 1102 2223 1186 2302; x_wconf 61' lang='lat' dir='ltr'>sup&#39;.</span> <span class='ocrx_word' id='word_1_146' title='bbox 1231 2213 1341 2300; x_wconf 71' lang='lat' dir='ltr'>Pipm</span> <span class='ocrx_word' id='word_1_147' title='bbox 1356 2214 1405 2298; x_wconf 72' lang='lat' dir='ltr'>R.</span> 
     </span>
    </p>
   </div>
   <div class='ocr_carea' id='block_1_3' title="bbox 333 2375 1526 4174">
    <p class='ocr_par' dir='ltr' id='par_1_3' title="bbox 336 2375 1522 2620">
     <span class='ocr_line' id='line_1_16' title="bbox 691 2375 1522 2465; baseline 0.001 -24"><span class='ocrx_word' id='word_1_148' title='bbox 691 2377 776 2463; x_wconf 63' lang='lat' dir='ltr'>Rp</span> <span class='ocrx_word' id='word_1_149' title='bbox 796 2375 859 2443; x_wconf 74' lang='lat' dir='ltr'>iras</span> <span class='ocrx_word' id='word_1_150' title='bbox 885 2398 955 2443; x_wconf 86' lang='lat' dir='ltr'>suas</span> <span class='ocrx_word' id='word_1_151' title='bbox 980 2392 1124 2465; x_wconf 83' lang='lat' dir='ltr'>patentes</span> <span class='ocrx_word' id='word_1_152' title='bbox 1147 2398 1211 2464; x_wconf 79' lang='lat' dir='ltr'>usq</span> <span class='ocrx_word' id='word_1_153' title='bbox 1234 2376 1320 2442; x_wconf 79' lang='lat' dir='ltr'>s‘c&#39;dm</span> <span class='ocrx_word' id='word_1_154' title='bbox 1335 2377 1420 2442; x_wconf 92' lang='lat' dir='ltr'>diem</span> <span class='ocrx_word' id='word_1_155' title='bbox 1445 2379 1522 2465; x_wconf 88' lang='lat' dir='ltr'>Sep-</span> 
     </span>
     <span class='ocr_line' id='line_1_17' title="bbox 336 2448 1520 2620; baseline 0.003 -69"><span class='ocrx_word' id='word_1_156' title='bbox 336 2448 388 2516; x_wconf 62' lang='lat' dir='ltr'>De</span> <span class='ocrx_word' id='word_1_157' title='bbox 401 2449 483 2511; x_wconf 54' lang='lat' dir='ltr'>mm</span> <span class='ocrx_word' id='word_1_158' title='bbox 497 2449 795 2620; x_wconf 45' lang='lat' dir='ltr'>fmfdm&#39;}tembi</span> <span class='ocrx_word' id='word_1_159' title='bbox 818 2492 863 2577; x_wconf 72' lang='lat' dir='ltr'>pir</span> <span class='ocrx_word' id='word_1_160' title='bbox 888 2489 976 2554; x_wconf 86' lang='lat' dir='ltr'>futui·</span> <span class='ocrx_word' id='word_1_161' title='bbox 990 2489 1123 2555; x_wconf 79' lang='lat' dir='ltr'>duratui</span> <span class='ocrx_word' id='word_1_162' title='bbox 1137 2490 1273 2576; x_wconf 84' lang='lat' dir='ltr'>suscepit</span> <span class='ocrx_word' id='word_1_163' title='bbox 1296 2491 1330 2554; x_wconf 92' lang='lat' dir='ltr'>in</span> <span class='ocrx_word' id='word_1_164' title='bbox 1354 2489 1443 2554; x_wconf 75' lang='lat' dir='ltr'>salvis</span> <span class='ocrx_word' id='word_1_165' title='bbox 1467 2489 1520 2554; x_wconf 76' lang='lat' dir='ltr'>ts.</span> 
     </span>
    </p>

    <p class='ocr_par' dir='ltr' id='par_1_4' title="bbox 333 2559 1526 4174">
     <span class='ocr_line' id='line_1_18' title="bbox 380 2559 1522 2693; baseline 0.004 -24"><span class='ocrx_word' id='word_1_166' title='bbox 380 2582 406 2624; x_wconf 52' lang='grc' dir='ltr'>θ’</span> <span class='ocrx_word' id='word_1_167' title='bbox 421 2561 458 2623; x_wconf 66' lang='lat' dir='ltr'>de</span> <span class='ocrx_word' id='word_1_168' title='bbox 472 2559 601 2624; x_wconf 60' lang='lat' dir='ltr'>mm</span> <span class='ocrx_word' id='word_1_169' title='bbox 694 2603 798 2670; x_wconf 85' lang='lat' dir='ltr'>Radm</span> <span class='ocrx_word' id='word_1_170' title='bbox 814 2603 854 2670; x_wconf 92' lang='lat' dir='ltr'>de</span> <span class='ocrx_word' id='word_1_171' title='bbox 869 2605 990 2670; x_wconf 90' lang='lat' dir='ltr'>Couert</span> <span class='ocrx_word' id='word_1_172' title='bbox 1013 2589 1136 2692; x_wconf 56' lang='lat' dir='ltr'>armrfivi</span> <span class='ocrx_word' id='word_1_173' title='bbox 1160 2607 1327 2693; x_wconf 73' lang='lat' dir='ltr'>capitaneis</span> <span class='ocrx_word' id='word_1_174' title='bbox 1349 2608 1443 2672; x_wconf 82' lang='lat' dir='ltr'>castri</span> <span class='ocrx_word' id='word_1_175' title='bbox 1457 2609 1522 2673; x_wconf 87' lang='lat' dir='ltr'>sive</span> 
     </span>
     <span class='ocr_line' id='line_1_19' title="bbox 334 2703 1522 2807; baseline 0.001 -23"><span class='ocrx_word' id='word_1_176' title='bbox 334 2719 481 2786; x_wconf 83' lang='lat' dir='ltr'>fortalicii</span> <span class='ocrx_word' id='word_1_177' title='bbox 507 2720 548 2785; x_wconf 91' lang='lat' dir='ltr'>de</span> <span class='ocrx_word' id='word_1_178' title='bbox 574 2719 701 2786; x_wconf 84' lang='lat' dir='ltr'>Villiers</span> <span class='ocrx_word' id='word_1_179' title='bbox 727 2719 751 2782; x_wconf 71' lang='lat' dir='ltr'>‘t</span> <span class='ocrx_word' id='word_1_180' title='bbox 778 2718 937 2784; x_wconf 85' lang='lat' dir='ltr'>Thomam</span> <span class='ocrx_word' id='word_1_181' title='bbox 963 2719 1004 2784; x_wconf 92' lang='lat' dir='ltr'>de</span> <span class='ocrx_word' id='word_1_182' title='bbox 1032 2719 1156 2807; x_wconf 86' lang='lat' dir='ltr'>Sursyn</span> <span class='ocrx_word' id='word_1_183' title='bbox 1180 2703 1302 2806; x_wconf 55' lang='lat' dir='ltr'>umida</span> <span class='ocrx_word' id='word_1_184' title='bbox 1328 2743 1365 2788; x_wconf 82' lang='lat' dir='ltr'>ac</span> <span class='ocrx_word' id='word_1_185' title='bbox 1388 2721 1522 2785; x_wconf 78' lang='lat' dir='ltr'>oiries‘i</span> 
     </span>
     <span class='ocr_line' id='line_1_20' title="bbox 335 2820 1522 2922; baseline 0.002 -24"><span class='ocrx_word' id='word_1_186' title='bbox 335 2833 474 2922; x_wconf 85' lang='lat' dir='ltr'>singulas</span> <span class='ocrx_word' id='word_1_187' title='bbox 500 2856 613 2919; x_wconf 83' lang='lat' dir='ltr'>psonas</span> <span class='ocrx_word' id='word_1_188' title='bbox 639 2835 830 2920; x_wconf 78' lang='lat' dir='ltr'>cujuscumq,</span> <span class='ocrx_word' id='word_1_189' title='bbox 853 2843 952 2898; x_wconf 86' lang='lat' dir='ltr'>status</span> <span class='ocrx_word' id='word_1_190' title='bbox 977 2820 1067 2898; x_wconf 78' lang='lat' dir='ltr'>fiiint</span> <span class='ocrx_word' id='word_1_191' title='bbox 1090 2833 1124 2896; x_wconf 94' lang='lat' dir='ltr'>in</span> <span class='ocrx_word' id='word_1_192' title='bbox 1150 2847 1252 2899; x_wconf 86' lang='lat' dir='ltr'>castro</span> <span class='ocrx_word' id='word_1_193' title='bbox 1277 2833 1342 2899; x_wconf 88' lang='lat' dir='ltr'>sive</span> <span class='ocrx_word' id='word_1_194' title='bbox 1367 2834 1522 2900; x_wconf 82' lang='lat' dir='ltr'>fortalicio</span> 
     </span>
     <span class='ocr_line' id='line_1_21' title="bbox 333 2931 1521 3035; baseline 0.002 -23"><span class='ocrx_word' id='word_1_195' title='bbox 333 2931 417 3032; x_wconf 60' lang='lat' dir='ltr'>{idco</span> <span class='ocrx_word' id='word_1_196' title='bbox 431 2947 473 3012; x_wconf 89' lang='lat' dir='ltr'>ad</span> <span class='ocrx_word' id='word_1_197' title='bbox 487 2933 580 3032; x_wconf 63' lang='lat' dir='ltr'>{isene</span> <span class='ocrx_word' id='word_1_198' title='bbox 602 2947 800 3013; x_wconf 67' lang='lat' dir='ltr'>existentes!</span> <span class='ocrx_word' id='word_1_199' title='bbox 820 2943 861 3012; x_wconf 87' lang='lat' dir='ltr'>ab</span> <span class='ocrx_word' id='word_1_200' title='bbox 885 2947 999 3014; x_wconf 88' lang='lat' dir='ltr'>eodem</span> <span class='ocrx_word' id='word_1_201' title='bbox 1024 2961 1125 3012; x_wconf 90' lang='lat' dir='ltr'>castro</span> <span class='ocrx_word' id='word_1_202' title='bbox 1149 2949 1214 3012; x_wconf 89' lang='lat' dir='ltr'>sive</span> <span class='ocrx_word' id='word_1_203' title='bbox 1236 2947 1391 3014; x_wconf 83' lang='lat' dir='ltr'>fortalicio</span> <span class='ocrx_word' id='word_1_204' title='bbox 1413 2963 1479 3014; x_wconf 88' lang='lat' dir='ltr'>tam</span> <span class='ocrx_word' id='word_1_205' title='bbox 1499 2967 1521 3035; x_wconf 83' lang='lat' dir='ltr'>p</span> 
     </span>
     <span class='ocr_line' id='line_1_22' title="bbox 335 3061 1522 3150; baseline 0.003 -25"><span class='ocrx_word' id='word_1_206' title='bbox 335 3061 421 3125; x_wconf 91' lang='lat' dir='ltr'>diem</span> <span class='ocrx_word' id='word_1_207' title='bbox 447 3069 516 3148; x_wconf 57' lang='lat' dir='ltr'>qtm</span> <span class='ocrx_word' id='word_1_208' title='bbox 541 3085 563 3146; x_wconf 85' lang='lat' dir='ltr'>p</span> <span class='ocrx_word' id='word_1_209' title='bbox 589 3075 715 3126; x_wconf 88' lang='lat' dir='ltr'>noctem</span> <span class='ocrx_word' id='word_1_210' title='bbox 741 3061 886 3148; x_wconf 85' lang='lat' dir='ltr'>pedestre</span> <span class='ocrx_word' id='word_1_211' title='bbox 909 3061 960 3125; x_wconf 92' lang='lat' dir='ltr'>vel</span> <span class='ocrx_word' id='word_1_212' title='bbox 985 3076 1130 3150; x_wconf 88' lang='lat' dir='ltr'>equestre</span> <span class='ocrx_word' id='word_1_213' title='bbox 1154 3062 1325 3128; x_wconf 85' lang='lat' dir='ltr'>t&#39;nseundo</span> <span class='ocrx_word' id='word_1_214' title='bbox 1339 3063 1364 3126; x_wconf 77' lang='lat' dir='ltr'>‘t</span> <span class='ocrx_word' id='word_1_215' title='bbox 1379 3064 1413 3127; x_wconf 92' lang='lat' dir='ltr'>in</span> <span class='ocrx_word' id='word_1_216' title='bbox 1437 3064 1522 3129; x_wconf 91' lang='lat' dir='ltr'>idem</span> 
     </span>
     <span class='ocr_line' id='line_1_23' title="bbox 336 3164 1521 3265; baseline 0.003 -25"><span class='ocrx_word' id='word_1_217' title='bbox 336 3176 442 3240; x_wconf 70' lang='lat' dir='ltr'>castris</span> <span class='ocrx_word' id='word_1_218' title='bbox 456 3169 521 3239; x_wconf 89' lang='lat' dir='ltr'>sive</span> <span class='ocrx_word' id='word_1_219' title='bbox 535 3173 694 3240; x_wconf 74' lang='lat' dir='ltr'>fortalicio</span> <span class='ocrx_word' id='word_1_220' title='bbox 720 3175 839 3240; x_wconf 87' lang='lat' dir='ltr'>tociens</span> <span class='ocrx_word' id='word_1_221' title='bbox 865 3175 1013 3263; x_wconf 86' lang='lat' dir='ltr'>quociens</span> <span class='ocrx_word' id='word_1_222' title='bbox 1039 3175 1099 3241; x_wconf 88' lang='lat' dir='ltr'>sibi</span> <span class='ocrx_word' id='word_1_223' title='bbox 1124 3166 1243 3263; x_wconf 75' lang='lat' dir='ltr'>placdit</span> <span class='ocrx_word' id='word_1_224' title='bbox 1262 3177 1400 3243; x_wconf 83' lang='lat' dir='ltr'>durante</span> <span class='ocrx_word' id='word_1_225' title='bbox 1420 3164 1521 3265; x_wconf 68' lang='lat' dir='ltr'>{isenti</span> 
     </span>
     <span class='ocr_line' id='line_1_24' title="bbox 336 3285 1522 3376; baseline 0.002 -20"><span class='ocrx_word' id='word_1_226' title='bbox 336 3287 422 3356; x_wconf 82' lang='lat' dir='ltr'>salvo</span> <span class='ocrx_word' id='word_1_227' title='bbox 448 3285 608 3356; x_wconf 87' lang='lat' dir='ltr'>conductu</span> <span class='ocrx_word' id='word_1_228' title='bbox 632 3291 679 3374; x_wconf 62' lang='lat' dir='ltr'>Rc.</span> <span class='ocrx_word' id='word_1_229' title='bbox 704 3291 898 3376; x_wconf 86' lang='lat' dir='ltr'>conjunctim</span> <span class='ocrx_word' id='word_1_230' title='bbox 924 3289 974 3354; x_wconf 91' lang='lat' dir='ltr'>vel</span> <span class='ocrx_word' id='word_1_231' title='bbox 1000 3290 1125 3355; x_wconf 88' lang='lat' dir='ltr'>divisim</span> <span class='ocrx_word' id='word_1_232' title='bbox 1151 3291 1380 3358; x_wconf 72' lang='lat' dir='ltr'>reveniendo‘t</span> <span class='ocrx_word' id='word_1_233' title='bbox 1405 3294 1522 3360; x_wconf 90' lang='lat' dir='ltr'>abinde</span> 
     </span>
     <span class='ocr_line' id='line_1_25' title="bbox 334 3400 1526 3494; baseline 0.003 -24"><span class='ocrx_word' id='word_1_234' title='bbox 334 3404 500 3470; x_wconf 87' lang='lat' dir='ltr'>redeundo</span> <span class='ocrx_word' id='word_1_235' title='bbox 514 3427 551 3469; x_wconf 88' lang='lat' dir='ltr'>ac</span> <span class='ocrx_word' id='word_1_236' title='bbox 567 3423 664 3490; x_wconf 91' lang='lat' dir='ltr'>equos</span> <span class='ocrx_word' id='word_1_237' title='bbox 679 3426 728 3468; x_wconf 88' lang='lat' dir='ltr'>res</span> <span class='ocrx_word' id='word_1_238' title='bbox 743 3404 828 3470; x_wconf 89' lang='lat' dir='ltr'>bona</span> <span class='ocrx_word' id='word_1_239' title='bbox 845 3403 960 3490; x_wconf 86' lang='lat' dir='ltr'>jocalia</span> <span class='ocrx_word' id='word_1_240' title='bbox 974 3400 998 3468; x_wconf 83' lang='lat' dir='ltr'>‘t</span> <span class='ocrx_word' id='word_1_241' title='bbox 1013 3404 1122 3470; x_wconf 75' lang='lat' dir='ltr'>hnesia</span> <span class='ocrx_word' id='word_1_242' title='bbox 1145 3428 1202 3472; x_wconf 86' lang='lat' dir='ltr'>sua</span> <span class='ocrx_word' id='word_1_243' title='bbox 1226 3429 1398 3494; x_wconf 83' lang='lat' dir='ltr'>quecumq.</span> <span class='ocrx_word' id='word_1_244' title='bbox 1445 3408 1526 3474; x_wconf 91' lang='lat' dir='ltr'>Pro-</span> 
     </span>
     <span class='ocr_line' id='line_1_26' title="bbox 335 3505 1522 3608; baseline 0.003 -25"><span class='ocrx_word' id='word_1_245' title='bbox 335 3518 402 3583; x_wconf 86' lang='lat' dir='ltr'>viso</span> <span class='ocrx_word' id='word_1_246' title='bbox 417 3539 504 3604; x_wconf 86' lang='lat' dir='ltr'>semp</span> <span class='ocrx_word' id='word_1_247' title='bbox 520 3517 564 3605; x_wconf 79' lang='lat' dir='ltr'>qd</span> <span class='ocrx_word' id='word_1_248' title='bbox 578 3515 621 3604; x_wconf 68' lang='lat' dir='ltr'>ipi</span> <span class='ocrx_word' id='word_1_249' title='bbox 637 3516 779 3606; x_wconf 77' lang='lat' dir='ltr'>quicq²m</span> <span class='ocrx_word' id='word_1_250' title='bbox 803 3519 889 3604; x_wconf 90' lang='lat' dir='ltr'>quod</span> <span class='ocrx_word' id='word_1_251' title='bbox 911 3518 945 3582; x_wconf 92' lang='lat' dir='ltr'>in</span> <span class='ocrx_word' id='word_1_252' title='bbox 961 3519 1007 3602; x_wconf 71' lang='lat' dir='ltr'>R.</span> <span class='ocrx_word' id='word_1_253' title='bbox 1022 3521 1206 3606; x_wconf 74' lang='lat' dir='ltr'>contemptis</span> <span class='ocrx_word' id='word_1_254' title='bbox 1225 3519 1275 3584; x_wconf 91' lang='lat' dir='ltr'>vel</span> <span class='ocrx_word' id='word_1_255' title='bbox 1301 3505 1444 3608; x_wconf 73' lang='lat' dir='ltr'>{ijudiciv&#39;r</span> <span class='ocrx_word' id='word_1_256' title='bbox 1467 3535 1522 3586; x_wconf 91' lang='lat' dir='ltr'>aut</span> 
     </span>
     <span class='ocr_line' id='line_1_27' title="bbox 336 3621 1523 3722; baseline 0.003 -27"><span class='ocrx_word' id='word_1_257' title='bbox 336 3631 402 3718; x_wconf 73' lang='lat' dir='ltr'>ppli</span> <span class='ocrx_word' id='word_1_258' title='bbox 417 3631 465 3696; x_wconf 91' lang='lat' dir='ltr'>sui</span> <span class='ocrx_word' id='word_1_259' title='bbox 480 3631 621 3718; x_wconf 77' lang='lat' dir='ltr'>dampnvi</span> <span class='ocrx_word' id='word_1_260' title='bbox 631 3621 777 3720; x_wconf 53' lang='lat' dir='ltr'>aliquali?</span> <span class='ocrx_word' id='word_1_261' title='bbox 792 3632 904 3698; x_wconf 88' lang='lat' dir='ltr'>cedere</span> <span class='ocrx_word' id='word_1_262' title='bbox 918 3631 1021 3699; x_wconf 89' lang='lat' dir='ltr'>valeat</span> <span class='ocrx_word' id='word_1_263' title='bbox 1035 3657 1101 3699; x_wconf 89' lang='lat' dir='ltr'>non</span> <span class='ocrx_word' id='word_1_264' title='bbox 1115 3648 1305 3721; x_wconf 73' lang='lat' dir='ltr'>attemptans</span> <span class='ocrx_word' id='word_1_265' title='bbox 1319 3658 1374 3700; x_wconf 89' lang='lat' dir='ltr'>seu</span> <span class='ocrx_word' id='word_1_266' title='bbox 1388 3649 1523 3722; x_wconf 81' lang='lat' dir='ltr'>attemp-</span> 
     </span>
     <span class='ocr_line' id='line_1_28' title="bbox 336 3730 1523 3836; baseline 0.003 -27"><span class='ocrx_word' id='word_1_267' title='bbox 336 3758 405 3812; x_wconf 83' lang='lat' dir='ltr'>tare</span> <span class='ocrx_word' id='word_1_268' title='bbox 429 3730 579 3830; x_wconf 61' lang='lat' dir='ltr'>deomant</span> <span class='ocrx_word' id='word_1_269' title='bbox 602 3745 807 3832; x_wconf 88' lang='lat' dir='ltr'>quovismodo</span> <span class='ocrx_word' id='word_1_270' title='bbox 833 3760 866 3811; x_wconf 90' lang='lat' dir='ltr'>et</span> <span class='ocrx_word' id='word_1_271' title='bbox 892 3745 936 3834; x_wconf 84' lang='lat' dir='ltr'>qd</span> <span class='ocrx_word' id='word_1_272' title='bbox 960 3747 1005 3834; x_wconf 70' lang='lat' dir='ltr'>ipi</span> <span class='ocrx_word' id='word_1_273' title='bbox 1030 3745 1137 3834; x_wconf 86' lang='lat' dir='ltr'>aliqua</span> <span class='ocrx_word' id='word_1_274' title='bbox 1150 3770 1174 3836; x_wconf 81' lang='lat' dir='ltr'>p</span> <span class='ocrx_word' id='word_1_275' title='bbox 1189 3747 1322 3814; x_wconf 80' lang='lat' dir='ltr'>stuffura</span> <span class='ocrx_word' id='word_1_276' title='bbox 1345 3751 1438 3815; x_wconf 83' lang='lat' dir='ltr'>castri</span> <span class='ocrx_word' id='word_1_277' title='bbox 1457 3751 1523 3814; x_wconf 88' lang='lat' dir='ltr'>sive</span> 
     </span>
     <span class='ocr_line' id='line_1_29' title="bbox 336 3845 1522 3952; baseline 0.005 -29"><span class='ocrx_word' id='word_1_278' title='bbox 336 3856 483 3924; x_wconf 83' lang='lat' dir='ltr'>fortalicii</span> <span class='ocrx_word' id='word_1_279' title='bbox 498 3845 572 3944; x_wconf 70' lang='lat' dir='ltr'>iidti</span> <span class='ocrx_word' id='word_1_280' title='bbox 587 3861 763 3925; x_wconf 85' lang='lat' dir='ltr'>necessaria</span> <span class='ocrx_word' id='word_1_281' title='bbox 777 3883 832 3927; x_wconf 90' lang='lat' dir='ltr'>seu</span> <span class='ocrx_word' id='word_1_282' title='bbox 847 3874 1004 3948; x_wconf 88' lang='lat' dir='ltr'>oportuna</span> <span class='ocrx_word' id='word_1_283' title='bbox 1017 3883 1039 3948; x_wconf 82' lang='lat' dir='ltr'>p</span> <span class='ocrx_word' id='word_1_284' title='bbox 1054 3882 1087 3926; x_wconf 88' lang='lat' dir='ltr'>se</span> <span class='ocrx_word' id='word_1_285' title='bbox 1101 3885 1157 3926; x_wconf 90' lang='lat' dir='ltr'>seu</span> <span class='ocrx_word' id='word_1_286' title='bbox 1171 3860 1248 3928; x_wconf 86' lang='lat' dir='ltr'>alios</span> <span class='ocrx_word' id='word_1_287' title='bbox 1264 3885 1443 3952; x_wconf 80' lang='lat' dir='ltr'>quoscumq,</span> <span class='ocrx_word' id='word_1_288' title='bbox 1457 3885 1522 3930; x_wconf 93' lang='lat' dir='ltr'>non</span> 
     </span>
     <span class='ocr_line' id='line_1_30' title="bbox 336 3971 1523 4066; baseline 0.007 -30"><span class='ocrx_word' id='word_1_289' title='bbox 336 3986 499 4058; x_wconf 84' lang='lat' dir='ltr'>asportent</span> <span class='ocrx_word' id='word_1_290' title='bbox 522 3972 708 4060; x_wconf 79' lang='lat' dir='ltr'>quomodoit</span> <span class='ocrx_word' id='word_1_291' title='bbox 731 3995 790 4038; x_wconf 92' lang='lat' dir='ltr'>nec</span> <span class='ocrx_word' id='word_1_292' title='bbox 815 3973 985 4038; x_wconf 86' lang='lat' dir='ltr'>abducant.</span> <span class='ocrx_word' id='word_1_293' title='bbox 1039 3971 1080 4038; x_wconf 94' lang='lat' dir='ltr'>In</span> <span class='ocrx_word' id='word_1_294' title='bbox 1106 3972 1174 4062; x_wconf 77' lang='lat' dir='ltr'>cuj⁹</span> <span class='ocrx_word' id='word_1_295' title='bbox 1200 3974 1253 4040; x_wconf 74' lang='lat' dir='ltr'>st.</span> <span class='ocrx_word' id='word_1_296' title='bbox 1308 3975 1348 4043; x_wconf 92' lang='grc' dir='ltr'>Τ.</span> <span class='ocrx_word' id='word_1_297' title='bbox 1365 3977 1411 4060; x_wconf 76' lang='lat' dir='ltr'>R.</span> <span class='ocrx_word' id='word_1_298' title='bbox 1436 3973 1523 4066; x_wconf 85' lang='lat' dir='ltr'>apud</span> 
     </span>
     <span class='ocr_line' id='line_1_31' title="bbox 336 4083 1521 4174; baseline 0.007 -23"><span class='ocrx_word' id='word_1_299' title='bbox 336 4083 459 4152; x_wconf 63' lang='lat' dir='ltr'>sobiam</span> <span class='ocrx_word' id='word_1_300' title='bbox 491 4088 543 4153; x_wconf 79' lang='lat' dir='ltr'>Sti</span> <span class='ocrx_word' id='word_1_301' title='bbox 576 4085 685 4174; x_wconf 73' lang='lat' dir='ltr'>Stephi</span> <span class='ocrx_word' id='word_1_302' title='bbox 709 4087 750 4152; x_wconf 90' lang='lat' dir='ltr'>de</span> <span class='ocrx_word' id='word_1_303' title='bbox 778 4083 867 4152; x_wconf 86' lang='lat' dir='ltr'>Caen</span> <span class='ocrx_word' id='word_1_304' title='bbox 893 4089 926 4152; x_wconf 94' lang='lat' dir='ltr'>in</span> <span class='ocrx_word' id='word_1_305' title='bbox 953 4087 1071 4154; x_wconf 89' lang='lat' dir='ltr'>ducatu</span> <span class='ocrx_word' id='word_1_306' title='bbox 1101 4090 1147 4174; x_wconf 71' lang='lat' dir='ltr'>R.</span> <span class='ocrx_word' id='word_1_307' title='bbox 1178 4089 1345 4158; x_wconf 87' lang='lat' dir='ltr'>Normanr&#39;i</span> <span class='ocrx_word' id='word_1_308' title='bbox 1369 4114 1446 4159; x_wconf 87' lang='lat' dir='ltr'>xxv.</span> <span class='ocrx_word' id='word_1_309' title='bbox 1468 4094 1521 4159; x_wconf 86' lang='lat' dir='ltr'>die</span> 
     </span>
    </p>
   </div>
   <div class='ocr_carea' id='block_1_4' title="bbox 337 4199 703 4290">
    <p class='ocr_par' dir='ltr' id='par_1_5' title="bbox 337 4199 703 4290">
     <span class='ocr_line' id='line_1_32' title="bbox 337 4199 703 4290; baseline -0.006 -22"><span class='ocrx_word' id='word_1_310' title='bbox 337 4201 487 4290; x_wconf 85' lang='lat' dir='ltr'>Augusti</span> <span class='ocrx_word' id='word_1_311' title='bbox 531 4199 703 4290; x_wconf 64' lang='lat' dir='ltr'>Pipmtt.</span> 
     </span>
    </p>
   </div>
   <div class='ocr_carea' id='block_1_5' title="bbox 336 4359 1524 4570">
    <p class='ocr_par' dir='ltr' id='par_1_6' title="bbox 336 4359 1524 4570">
     <span class='ocr_line' id='line_1_33' title="bbox 336 4359 1523 4536; baseline -0.019 -58"><span class='ocrx_word' id='word_1_312' title='bbox 336 4413 389 4512; x_wconf 72' lang='lat' dir='ltr'>ne</span> <span class='ocrx_word' id='word_1_313' title='bbox 402 4411 483 4477; x_wconf 69' lang='lat' dir='ltr'>saro</span> <span class='ocrx_word' id='word_1_314' title='bbox 497 4365 853 4536; x_wconf 59' lang='lat' dir='ltr'>amna}¹}·1²¹¹²⁸</span> <span class='ocrx_word' id='word_1_315' title='bbox 868 4388 939 4431; x_wconf 67' lang='lat'>⁸³⁸³</span> <span class='ocrx_word' id='word_1_316' title='bbox 954 4382 1097 4453; x_wconf 57' lang='lat' dir='ltr'>paena</span> <span class='ocrx_word' id='word_1_317' title='bbox 1108 4391 1172 4456; x_wconf 63' lang='lat'>¹1³⁰„</span> <span class='ocrx_word' id='word_1_318' title='bbox 1181 4359 1249 4435; x_wconf 73' lang='lat' dir='ltr'>un</span> <span class='ocrx_word' id='word_1_319' title='bbox 1260 4372 1345 4436; x_wconf 75' lang='lat' dir='ltr'>aem</span> <span class='ocrx_word' id='word_1_320' title='bbox 1357 4371 1523 4460; x_wconf 74' lang='lat' dir='ltr'>Septembi‘</span> 
     </span>
     <span class='ocr_line' id='line_1_34' title="bbox 690 4479 1524 4570; baseline 0.001 -25"><span class='ocrx_word' id='word_1_321' title='bbox 690 4483 735 4568; x_wconf 68' lang='lat' dir='ltr'>pr</span> <span class='ocrx_word' id='word_1_322' title='bbox 748 4479 836 4544; x_wconf 88' lang='lat' dir='ltr'>futur</span> <span class='ocrx_word' id='word_1_323' title='bbox 862 4479 995 4546; x_wconf 88' lang='lat' dir='ltr'>duratur</span> <span class='ocrx_word' id='word_1_324' title='bbox 1018 4482 1154 4570; x_wconf 86' lang='lat' dir='ltr'>suscepit</span> <span class='ocrx_word' id='word_1_325' title='bbox 1168 4483 1203 4548; x_wconf 90' lang='lat' dir='ltr'>in</span> <span class='ocrx_word' id='word_1_326' title='bbox 1218 4483 1524 4552; x_wconf 80' lang='lat' dir='ltr'>salvu‘tc.Mathe1‘1</span> 
     </span>
    </p>
   </div>
   <div class='ocr_carea' id='block_1_6' title="bbox 335 4591 1525 4911">
    <p class='ocr_par' dir='ltr' id='par_1_7' title="bbox 335 4591 1525 4911">
     <span class='ocr_line' id='line_1_35' title="bbox 335 4591 1523 4688; baseline 0.009 -34"><span class='ocrx_word' id='word_1_327' title='bbox 335 4591 368 4656; x_wconf 90' lang='lat' dir='ltr'>le</span> <span class='ocrx_word' id='word_1_328' title='bbox 382 4592 535 4681; x_wconf 85' lang='lat' dir='ltr'>Daunoys</span> <span class='ocrx_word' id='word_1_329' title='bbox 560 4591 665 4658; x_wconf 80' lang='lat' dir='ltr'>Wiflm</span> <span class='ocrx_word' id='word_1_330' title='bbox 688 4594 719 4660; x_wconf 85' lang='lat' dir='ltr'>le</span> <span class='ocrx_word' id='word_1_331' title='bbox 746 4593 819 4684; x_wconf 86' lang='lat' dir='ltr'>Roy</span> <span class='ocrx_word' id='word_1_332' title='bbox 843 4595 958 4662; x_wconf 81' lang='lat' dir='ltr'>Johem</span> <span class='ocrx_word' id='word_1_333' title='bbox 980 4595 1111 4682; x_wconf 88' lang='lat' dir='ltr'>Fylbert</span> <span class='ocrx_word' id='word_1_334' title='bbox 1133 4597 1246 4664; x_wconf 72' lang='lat' dir='ltr'>sotem</span> <span class='ocrx_word' id='word_1_335' title='bbox 1270 4598 1383 4688; x_wconf 87' lang='lat' dir='ltr'>Hardy</span> <span class='ocrx_word' id='word_1_336' title='bbox 1409 4599 1523 4667; x_wconf 79' lang='lat' dir='ltr'>Johem</span> 
     </span>
     <span class='ocr_line' id='line_1_36' title="bbox 337 4701 1524 4798; baseline 0.01 -28"><span class='ocrx_word' id='word_1_337' title='bbox 337 4701 447 4792; x_wconf 79' lang='lat' dir='ltr'>Vsryn</span> <span class='ocrx_word' id='word_1_338' title='bbox 463 4708 568 4776; x_wconf 84' lang='lat' dir='ltr'>Radm</span> <span class='ocrx_word' id='word_1_339' title='bbox 584 4707 715 4775; x_wconf 82' lang='lat' dir='ltr'>Estante</span> <span class='ocrx_word' id='word_1_340' title='bbox 730 4709 754 4774; x_wconf 75' lang='lat' dir='ltr'>‘t</span> <span class='ocrx_word' id='word_1_341' title='bbox 769 4709 917 4776; x_wconf 87' lang='lat' dir='ltr'>Martinu</span> <span class='ocrx_word' id='word_1_342' title='bbox 931 4710 962 4776; x_wconf 90' lang='lat' dir='ltr'>le</span> <span class='ocrx_word' id='word_1_343' title='bbox 978 4711 1084 4798; x_wconf 89' lang='lat' dir='ltr'>Gorry</span> <span class='ocrx_word' id='word_1_344' title='bbox 1097 4712 1140 4777; x_wconf 88' lang='lat' dir='ltr'>de</span> <span class='ocrx_word' id='word_1_345' title='bbox 1158 4713 1276 4779; x_wconf 92' lang='lat' dir='ltr'>ducatu</span> <span class='ocrx_word' id='word_1_346' title='bbox 1291 4715 1338 4797; x_wconf 57' lang='lat' dir='ltr'>Rs.</span> <span class='ocrx_word' id='word_1_347' title='bbox 1355 4714 1524 4782; x_wconf 74' lang='lat' dir='ltr'>Normanir</span> 
     </span>
     <span class='ocr_line' id='line_1_37' title="bbox 337 4812 1525 4911; baseline 0.011 -28"><span class='ocrx_word' id='word_1_348' title='bbox 337 4839 402 4906; x_wconf 75' lang='lat' dir='ltr'>usq,</span> <span class='ocrx_word' id='word_1_349' title='bbox 412 4817 535 4886; x_wconf 72' lang='lat' dir='ltr'>abbiam</span> <span class='ocrx_word' id='word_1_350' title='bbox 552 4822 605 4889; x_wconf 74' lang='lat' dir='ltr'>Sti</span> <span class='ocrx_word' id='word_1_351' title='bbox 622 4822 732 4908; x_wconf 79' lang='lat' dir='ltr'>Stephi</span> <span class='ocrx_word' id='word_1_352' title='bbox 756 4823 796 4888; x_wconf 91' lang='lat' dir='ltr'>dc</span> <span class='ocrx_word' id='word_1_353' title='bbox 813 4825 900 4892; x_wconf 85' lang='lat' dir='ltr'>Caen</span> <span class='ocrx_word' id='word_1_354' title='bbox 916 4826 949 4889; x_wconf 92' lang='lat' dir='ltr'>in</span> <span class='ocrx_word' id='word_1_355' title='bbox 966 4824 1093 4895; x_wconf 88' lang='lat' dir='ltr'>Ducatu</span> <span class='ocrx_word' id='word_1_356' title='bbox 1108 4826 1154 4909; x_wconf 71' lang='lat' dir='ltr'>R.</span> <span class='ocrx_word' id='word_1_357' title='bbox 1170 4812 1251 4911; x_wconf 72' lang='lat' dir='ltr'>{toto</span> <span class='ocrx_word' id='word_1_358' title='bbox 1278 4831 1434 4896; x_wconf 87' lang='lat' dir='ltr'>veniendo</span> <span class='ocrx_word' id='word_1_359' title='bbox 1457 4831 1525 4896; x_wconf 79' lang='lat' dir='ltr'>ibm</span> 
     </span>
    </p>
   </div>
   <div class='ocr_carea' id='block_1_7' title="bbox 0 0 1749 5828">
    <p class='ocr_par' dir='ltr' id='par_1_8' title="bbox 0 0 1749 5828">
     <span class='ocr_line' id='line_1_38' title="bbox 0 0 1749 5828; baseline 0 0"><span class='ocrx_word' id='word_1_360' title='bbox 0 0 1749 5828; x_wconf 95' lang='lat' dir='ltr'> </span> 
     </span>
    </p>
   </div>
  </div>
 </body>
</html>
