3540 5832
387 635 454 698 348
725 626 905 695 ROTULI
929 627 1245 696 NORMANNIAE.
1361 628 1420 710 [A.
1431 627 1476 694 D.
1491 633 1583 694 1417.

477 806 611 873 Gallius
627 805 797 894 Lcngloys.

477 921 574 988 Jones
591 921 691 986 Tirel.

478 1036 602 1102 Rolltus
617 1036 658 1100 dc
675 1035 794 1101 Cuisse.

475 1151 622 1218 Julianus
640 1149 775 1215 Boeasel.

476 1267 663 1331 Lodowicus
679 1265 727 1330 Le
745 1263 881 1330 Rouille.

478 1380 535 1444 lvo
550 1380 592 1444 de
607 1379 728 1444 Cuisse.

476 1493 580 1559 Guills
596 1493 636 1556 de
654 1491 830 1558 Ramallart
844 1475 955 1578 anniss.

476 1607 626 1671 Johanna
640 1605 682 1670 dc
700 1605 835 1670 Brioane
850 1604 914 1670 diia
928 1605 969 1669 de
986 1603 1132 1669 Huditot.

474 1719 625 1786 Johanna
639 1743 702 1808 que
717 1719 779 1783 fuit
795 1723 838 1782 uli
855 1719 926 1782 Rici
942 1719 987 1782 du
1004 1718 1130 1782 Hamel.

476 1835 581 1901 Alicia
595 1857 658 1922 que
673 1833 735 1898 fuit
750 1837 794 1897 ui
809 1833 911 1898 Guilli
926 1832 967 1898 de
984 1831 1085 1898 Burcs
1100 1833 1166 1898 clu.

479 1949 591 2016 Guilla
605 1948 647 2014 de
664 1949 833 2036 Fonttyne.

477 2066 589 2153 Agnes
604 2064 645 2128 de
661 2063 808 2128 Bevesin.

474 2179 623 2245 Johanna
638 2177 687 2242 Le
703 2177 861 2264 Beaucyn.

476 2292 599 2358 Routus
614 2292 751 2358 Davoise
771 2290 963 2378 capellanus.

474 2406 570 2472 Jonas
586 2407 634 2472 Le
651 2406 751 2472 Beata
765 2388 874 2493 armifi.

475 2521 588 2586 Coleta
602 2521 722 2586 Dachc.

474 2635 570 2700 Jones
585 2635 627 2700 de
642 2634 827 2700 Chuumont
841 2633 1030 2721 capellanus.

474 2749 571 2815 Jonas
587 2749 714 2815 Fossart
729 2750 815 2835 prior
831 2748 872 2813 de
890 2747 985 2813 Brex.

474 2863 570 2929 Jones
585 2863 698 2950 Dachy
713 2861 904 2948 capellanus.

476 2977 601 3042 Rolitus
616 2977 657 3040 de
674 2973 865 3042 Fontaincs.¹

474 3089 636 3156 Johannes
651 3090 692 3155 dc
709 3089 939 3155 Caudemonne
953 3089 995 3154 de
1009 3089 1127 3175 paroch
1142 3087 1183 3152 de
1201 3087 1372 3178 Hastagru.

475 3204 600 3270 Rnbms
615 3203 829 3269 Boutavillain
852 3203 893 3268 de
920 3204 1038 3290 paroch
1059 3203 1099 3269 de
1116 3203 1289 3269 Carmellcs
1313 3205 1347 3268 in
1362 3205 1580 3272 vicecomitatu

518 3327 578 3384 nlo
593 3320 634 3386 de
651 3319 803 3385 cadomo.

475 3429 617 3502 Thothas
632 3433 796 3502 Thebault
815 3434 894 3499 dius
911 3433 1077 3502 Lanereuc
1103 3433 1144 3499 de
1170 3435 1288 3521 paroch
1305 3435 1357 3501 sci
1375 3435 1520 3502 Gervasii
1541 3435 1581 3501 de

523 3550 609 3616 Saea.

474 3664 562 3732 Phua
578 3663 720 3730 Roulant
734 3663 915 3752 capellanus
930 3664 964 3730 in
979 3663 1077 3730 ecclia
1092 3663 1168 3730 O'un
1185 3664 1263 3760 5503
1277 3665 1318 3732 de
1334 3664 1528 3755 Mortaigne.

475 3779 637 3846 Martium
653 3777 836 3866 Leporcher
850 3779 1018 3866 burgensis
1032 3778 1107 3844 ville
1122 3779 1168 3863 ll.
1186 3778 1316 3846 Falasie.

472 3895 568 3962 Jonas
582 3894 623 3960 de
640 3893 765 3960 Pierres
779 3894 820 3960 de
834 3893 910 3960 villa
924 3894 970 3978 R.
988 3893 1110 3962 Falesia
1124 3879 1236 3983 arnuss.

477 4009 598 4076 Robtus
615 4008 715 4074 Lovel
729 3993 841 4097 armi&

473 4124 570 4192 Jonas
587 4121 775 4190 Cochcfillet
788 4109 900 4212 armi‘gl.
955 4191 959 4202 ⁸

474 4237 596 4304 Nicllus
612 4237 784 4319 Toulemer
799 4237 840 4306 de
855 4236 974 4325 parocll
990 4237 1042 4304 sci
1059 4238 1147 4306 Petri
1162 4238 1204 4306 dc
1221 4239 1305 4306 Saea

473 4351 570 4418 Jonas
585 4351 626 4417 de
643 4349 813 4438 Fontemy
828 4353 942 4420 senior.

476 4465 576 4530 Ricus
590 4465 631 4530 de
647 4465 792 4531 BailleuL

474 4579 579 4646 Guills
594 4579 635 4645 de
652 4579 786 4646 Somire.

473 4693 569 4760 Jones
584 4694 625 4759 de
643 4693 778 4759 Somire.

474 4808 569 4873 Jonas
587 4807 708 4873 Sibille.
816 4875 818 4882 ,

476 4921 646 4988 Gervasius
662 4921 769 4990 Barat.
