3486 5834
367 615 435 678 204
694 605 880 674 aarum
903 601 1213 672 venusttum.
1348 603 1553 686 [anuis.

723 785 771 871 R.
793 807 814 872 p
836 781 900 850 iras
929 807 1000 852 suas
1024 796 1167 871 patentes
1195 803 1259 870 uso„
1284 795 1408 848 sextmn
1432 783 1557 850 decimv’t

722 905 807 972 diem
825 905 909 970 Febi
927 909 971 992 pa
993 903 1080 968 futui
1103 903 1235 968 duratui
1254 903 1390 990 suscepit
1411 903 1447 968 in
1471 903 1557 968 salvis

720 1016 773 1081 ‘id
790 1015 955 1082 Molonem
975 1015 1142 1082 heraldum
1164 1015 1314 1082 carissimi
1327 1015 1387 1080 fris
1409 1015 1456 1100 R.
1470 1017 1557 1082 Johis

373 1135 473 1201 Ducis
489 1131 624 1200 Britanii
637 1131 662 1195 ‘i
676 1131 790 1198 Johem
803 1129 922 1197 *Morin
942 1130 983 1196 de
998 1129 1134 1196 Britsnii
1157 1130 1191 1195 in
1213 1133 1317 1218 reguli
1337 1129 1383 1213 R.
1408 1131 1498 1220 Angi
1519 1135 1559 1197 cii

373 1271 429 1315 sex
443 1249 548 1335 paonis
562 1233 716 1332 ivientib5
728 1247 792 1311 suis
807 1246 841 1310 in
855 1245 1002 1310 comitiva
1013 1267 1069 1310 sua
1083 1245 1117 1309 in
1132 1237 1270 1332 quodam
1281 1263 1353 1310 vase
1367 1245 1409 1310 de
1425 1244 1559 1312 Britauii

374 1363 568 1450 conjunctim
589 1362 641 1428 vel
669 1361 794 1426 divisim
822 1359 993 1426 t²nseundo
1021 1359 1087 1424 itm
1115 1359 1269 1425 morando
1297 1358 1322 1422 ‘t
1351 1360 1467 1426 exinde
1496 1383 1559 1447 usq,

374 1492 480 1566 partes
494 1499 565 1544 suas
579 1477 685 1566 pprias
699 1475 862 1542 redeundo
877 1497 914 1540 ac
927 1474 1112 1540 marinarios
1126 1475 1206 1540 vasis
1228 1459 1302 1560 {idai
1323 1496 1447 1540 necnon
1462 1497 1560 1563 equos

375 1594 461 1660 bona
481 1591 506 1656 ‘i
527 1591 637 1656 hnesia
659 1613 724 1656 sua.
770 1589 900 1655 Proviso
929 1611 1016 1674 semp
1040 1587 1084 1676 qd
1105 1587 1149 1675 spi
1174 1589 1317 1675 quicq²m
1340 1588 1425 1676 quod
1450 1589 1486 1652 in
1512 1589 1559 1672 R.

375 1719 593 1793 contemptum
621 1703 672 1768 vel
700 1688 841 1789 {ijudieifl
865 1715 922 1766 aut
949 1701 1015 1789 pili
1041 1701 1090 1766 sui
1118 1700 1258 1787 dampnis
1283 1691 1426 1790 aliqualii
1448 1702 1562 1768 cedere

377 1819 479 1886 valeat
493 1841 558 1884 non
572 1831 762 1904 attemptent
776 1841 831 1882 seu
845 1815 895 1882 faa
917 1815 1101 1904 quomodoit
1122 1816 1310 1903 attemptari.
1356 1815 1395 1880 Iu
1416 1815 1484 1904 cuj9
1507 1817 1562 1881 id.

378 1934 418 1999 T.
435 1948 472 1998 ut
486 1939 569 2020 sup'.
615 1929 725 2018 Pifsm
740 1929 787 2013 R.

371 860 423 924 De
432 859 513 923 salvo
527 857 678 920 oortducta.

476 973 574 1039 Malo.
686 894 711 1050 i

735 2147 780 2231 R.
802 2170 824 2234 p
846 2144 909 2212 iras
935 2169 1006 2212 suas
1029 2161 1173 2234 patentes
1197 2169 1260 2234 usq,
1283 2147 1372 2213 sidm
1397 2147 1486 2212 diem
1501 2147 1565 2214 De·

698 2225 842 2388 }cembi
861 2263 906 2349 pit
922 2259 1009 2325 futui
1034 2260 1166 2326 duratui
1189 2261 1325 2348 suscepit
1348 2262 1383 2326 in
1409 2261 1498 2326 salvii
1512 2261 1564 2327 te.

738 2377 829 2464 Gaya
844 2377 960 2442 Garcia
986 2375 1026 2441 de
1046 2399 1145 2464 regno
1166 2375 1302 2442 Castelle
1327 2377 1361 2440 in
1385 2379 1565 2442 comitivam

379 2489 468 2556 Johis
483 2488 538 2552 dvii
558 2487 599 2552 de
616 2487 707 2551 Seint
722 2487 815 2552 Piere
839 2511 912 2552 cum
938 2488 1169 2576 quinquaginta
1188 2489 1354 2555 balistariis
1369 2490 1402 2553 in
1418 2492 1567 2556 comitiva

379 2627 437 2670 sua
450 2601 606 2668 veniendo
620 2625 657 2666 ac
673 2624 769 2689 equos
788 2623 837 2665 res
856 2601 979 2666 bona‘i
1002 2602 1111 2666 hnesia
1135 2625 1192 2668 sua
1217 2625 1388 2690 quecumg.
1434 2605 1566 2668 Pnoviso

380 2739 468 2804 semp
482 2717 534 2780 Ἱὸ.
553 2731 590 2782 ut
604 2723 686 2804 sup‘.
731 2715 771 2780 In
796 2713 865 2802 cuj⁹
889 2715 941 2779 id.
987 2715 1028 2780 T.
1054 2731 1091 2781 ut
1113 2725 1184 2803 sup²
1211 2719 1299 2804 xviij.
1325 2719 1375 2782 die
1392 2717 1565 2785 Novembi'.

382 2831 492 2920 Piiim
507 2831 553 2914 R.

380 2223 431 2286 De
444 2221 525 2284 salvo
539 2220 690 2283 mndzwtu.

415 2333 508 2419 Gaya
525 2332 658 2418 Gortyn.

381 3085 408 3146 Ρ
422 3062 498 3127 Me
512 3063 599 3126 Dm
614 3059 763 3150 ἅψαι.
785 3015 988 3184 }R.01Y1ib3
1011 3015 1053 3081 ad
1078 3039 1156 3104 quos
1170 3015 1222 3081 ‘t‘d
1238 3015 1340 3082 salim.
1388 3019 1501 3084 Sciatis
1525 3019 1567 3107 qd

823 3127 1009 3194 concessim⁹
1031 3131 1190 3195 carissimo
1222 3131 1267 3196 fii
1299 3138 1357 3196 nio
1382 3133 1458 3197 Joiti
1484 3132 1565 3197 Duci

384 3243 525 3310 Bedford
545 3242 678 3308 Custodi
704 3241 793 3330 Angi
814 3243 989 3307 custodiam
1020 3248 1085 3307 oim
1117 3235 1184 3336 ira}
1209 3245 1233 3308 ‘i
1264 3245 1317 3310 teri
1346 3268 1409 3332 que
1439 3245 1567 3311 fuerunt

384 3356 495 3422 Briani
509 3355 550 3420 de
567 3354 734 3441 Stapultoir
748 3354 885 3419 chivaler
903 3354 1043 3420 defuncti
1068 3356 1123 3443 qui
1149 3357 1189 3422 de
1212 3357 1274 3422 nob
1300 3360 1404 3425 tenuit
1417 3360 1451 3424 in
1467 3361 1567 3448 capite

384 3471 467 3536 inira
486 3471 589 3558 regnu
603 3474 675 3532 nim
691 3467 779 3555 Angi
793 3467 817 3530 ‘i
832 3489 894 3554 que
909 3491 931 3554 p
946 3483 1081 3533 mortem
1095 3454 1167 3554 {idai
1184 3469 1294 3536 Briani
1308 3471 1332 3534 ‘i
1347 3479 1424 3538 ione
1439 3476 1566 3540 minoris

384 3587 476 3650 etatis
493 3581 591 3648 Briari
606 3581 677 3646 fit‘t
697 3581 822 3647 heredis
846 3582 987 3668 ejusdem
1014 3583 1123 3648 Briani
1149 3585 1189 3649 de
1206 3585 1371 3672 Stapultovi
1397 3589 1431 3652 in
1457 3612 1567 3654 manus

384 3707 458 3765 nias
481 3699 678 3764 devenerunt
691 3697 777 3762 hena
790 3683 876 3783 {iiato
890 3696 934 3761 fri
948 3704 1007 3764 nio
1030 3699 1204 3764 custodiam
1229 3685 1343 3784 {ideam
1365 3725 1439 3766 cum
1465 3705 1566 3788 offiib3

384 3814 484 3879 feodis
514 3812 650 3876 militum
676 3811 879 3898 advocaioibq,
905 3812 1016 3904 ecclia}
1037 3812 1062 3874 ‘i
1087 3812 1164 3904 aliog
1188 3813 1357 3907 beneficio}
1380 3816 1567 3910 ecciiasticog

386 3941 566 4018 quogcumq,
580 3949 653 3990 oum
667 3926 738 4011 ptivi
752 3926 887 3991 durante
908 3925 1024 3990 minori
1045 3939 1129 3990 etate
1150 3907 1224 4010 idei
1241 3925 1350 3992 Briani
1366 3927 1401 3992 fit
1412 3951 1479 3995 una
1498 3952 1568 3994 oum

385 4042 552 4129 maritagio
567 4040 708 4126 ejusdem
724 4039 832 4104 Briaii.
878 4039 922 4104 Et
936 4040 962 4104 si
976 4041 1043 4127 ifsm
1059 4039 1179 4104 Brianii
1190 4041 1277 4106 obire
1288 4025 1569 4133 contiffitanteqm

386 4155 428 4220 ad
442 4156 569 4242 plenam
584 4167 700 4218 etatem
714 4173 803 4218 suam
817 4137 928 4236 pveiiit
946 4151 1063 4217 herede
1089 4176 1145 4218 suo
1171 4153 1253 4219 infra
1277 4171 1393 4222 etatem
1416 4159 1570 4224 existente

387 4292 453 4334 non
482 4269 629 4334 maritato
659 4280 735 4332 tunc
758 4251 857 4350 fidius
880 4264 912 4330 si·
937 4265 976 4330 fir
998 4267 1071 4332 heat
1096 4269 1269 4334 custodiam
1291 4256 1404 4356 Butam
1437 4271 1571 4337 durante

387 4383 503 4450 minori
519 4397 601 4448 etate
619 4381 744 4447 heredis
763 4365 836 4468 fidoi
851 4381 894 4446 sic
909 4379 991 4445 infra
1014 4385 1097 4446 etate
1123 4383 1285 4447 existentis
1310 4408 1383 4449 oum
1408 4387 1571 4452 oniimodis

386 4497 487 4564 feodis
501 4497 605 4560 militti
619 4496 826 4580 advocao'dib5
839 4493 949 4586 ecciiag
964 4495 988 4558 ‘i
1003 4495 1079 4588 alio}
1094 4496 1263 4589 beneficio}
1277 4498 1465 4594 ecciiasticog
1481 4517 1572 4594 quo}-

388 4633 489 4699 cumq,
518 4634 592 4676 cum
620 4611 690 4696 ptiri
718 4633 783 4676 una
812 4631 885 4674 oum
910 4609 1076 4697 maritagio
1102 4611 1243 4695 ejusdem
1268 4611 1434 4678 heredis‘i
1459 4616 1503 4680 sic
1531 4615 1572 4681 de

388 4726 506 4792 herede
516 4726 549 4789 in
563 4725 713 4790 heredem
728 4744 856 4812 quousq,
869 4723 981 4810 aliquis
1004 4721 1124 4787 heredia
1138 4709 1210 4809 {idai
1224 4724 1335 4790 Briani
1350 4727 1390 4792 de
1408 4729 1573 4815 Stapultoii

389 4840 432 4904 ad
460 4841 587 4926 plenam
613 4853 729 4904 etatem
755 4861 844 4904 suam
869 4823 980 4923 pveiiit
1004 4837 1028 4900 ‘i
1054 4837 1139 4902 idem
1168 4839 1202 4903 ft
1228 4839 1267 4904 iir
1292 4841 1390 4906 effdm
1416 4843 1574 4930 maritagii

389 4950 522 5036 alicujus
536 4951 656 5016 heredti
670 4935 766 5041 {idrus
781 4938 846 5014 filit
860 4965 1018 5017 assecutus
1040 4953 1123 5038 absrg
1145 4951 1250 5040 aliquo
1272 4954 1335 5018 nob
1349 4955 1398 5020 vel
1421 4955 1572 5041 heredib3
