3540 5832
376 651 441 710 346
722 641 902 708 ROTULI
928 641 1240 708 NORMANNIAE.
1364 639 1568 720 [A.D.1417.

467 821 591 886 Paroch
605 821 646 886 de
664 821 748 886 Molt
765 821 928 885 Houdoul.

464 936 587 1000 Paroch
606 935 646 999 de
664 933 753 998 Belle
770 934 903 998 Avilers.

465 1048 587 1112 Paroch
603 1048 643 1111 de
660 1047 789 1112 Monce.

465 1161 587 1226 Paroch
602 1160 643 1225 de
659 1161 898 1247 Champessant.

465 1276 586 1340 Paroch
601 1273 642 1337 de
660 1275 750 1338 Saint
768 1273 881 1338 Karles
897 1273 937 1338 de
953 1273 1096 1340 Deserto.

464 1389 588 1454 Paroch
601 1388 642 1453 de
660 1389 787 1474 Songie.

464 1505 588 1568 Paroch
604 1503 644 1568 de
661 1504 848 1568 Corscivart.

464 1617 588 1682 Paroch
602 1616 642 1680 de
660 1615 752 1680 Saint
768 1615 901 1703 Longiz.

464 1731 619 1796 Parochia
644 1731 696 1794 sei
714 1730 907 1817 sampsonis·

463 1847 586 1911 Paroch
600 1845 640 1910 de
658 1844 782 1910 Paludi.

465 1958 590 2024 Paroch
606 1957 661 2022 B'e
678 1956 784 2022 Marie
799 1957 839 2020 de
857 1956 969 2020 Pratis.

465 2074 590 2139 Paroeh
604 2073 644 2137 de
662 2072 753 2136 Saint
770 2071 875 2158 Romy
890 2071 930 2134 de
947 2070 1052 2136 Mons.

464 2188 587 2254 Paroeh
604 2187 655 2250 sei
679 2187 816 2251 Dionisii
831 2185 872 2250 de
889 2185 998 2272 Sirisy.

464 2305 587 2369 Paroch
603 2303 644 2368 de
661 2303 872 2368 Mairolettez.

465 2419 589 2482 Paroch
603 2418 644 2482 de
662 2418 753 2482 Saint
769 2416 885 2482 Counil
902 2415 1016 2480 Dever.

465 2531 587 2597 Paroch
605 2531 655 2596 sai
674 2531 760 2596 Petri
776 2532 818 2596 de
834 2531 949 2595 Gevre.

465 2646 588 2711 Paroeh
600 2646 656 2710 B'e
674 2644 779 2710 Marie
796 2645 912 2709 Dever.

464 2760 587 2826 Paroch
602 2760 643 2824 de
661 2759 751 2824 Saint
768 2759 926 2846 Aiguyen.

465 2874 587 2940 Paroch
602 2874 643 2938 de
656 2872 807 2938 Marolles
824 2873 871 2936 Le
888 2871 1024 2936 Beraux.

465 2987 589 3052 Paroch
605 2987 645 3051 de
661 2987 784 3074 Congie
802 2987 933 3050 Susone.

465 3100 589 3166 Paroeh
603 3101 644 3165 de
661 3099 758 3165 Mont
775 3101 864 3164 Saint
880 3099 995 3163 Johan.

465 3214 588 3280 Paroeh
602 3215 643 3278 de
659 3213 765 3278 Tuffe.

464 3328 587 3394 Paroch
602 3328 642 3392 de
662 3328 753 3392 Saint
769 3325 879 3390 Aubin
895 3323 936 3389 de
952 3327 1066 3412 GroyS.

465 3445 587 3510 Paroeh
603 3444 643 3508 de
662 3443 753 3507 Saint
771 3439 885 3528 Romy.

465 3559 587 3624 Paroeh
602 3559 642 3622 de
660 3558 751 3622 Saint
770 3557 897 3621 Ceneri.

465 3672 589 3738 Paroch
604 3672 645 3736 de
658 3671 706 3736 La
723 3669 855 3757 Chapefl
871 3666 999 3732 Moche.

464 3788 587 3853 Paroch
604 3787 656 3851 Sei
673 3786 810 3852 Hillarii.

464 3904 587 3968 Paroch
602 3903 642 3967 de
660 3903 751 3966 Saint
769 3902 820 3965 Sir
836 3899 971 3986 Empail.

464 4019 588 4084 Paroch
602 4018 643 4082 de
661 4017 751 4082 Saint
768 4018 897 4104 Aignen
912 4037 989 4080 ovec
1005 4013 1250 4099 Courpontrain.

464 4132 586 4199 Paroch
601 4133 642 4196 de
659 4131 707 4196 La
725 4114 886 4215 Sauvassie.

463 4247 586 4312 Paroch
600 4248 641 4312 de
658 4247 798 4311 Feritate
814 4243 948 4309 Mathei.

464 4359 587 4425 Paroch
602 4361 642 4424 de
659 4357 851 4447 Meygneyo.

463 4475 587 4541 Paroch
605 4475 657 4539 sei
673 4474 818 4540 Gervasii
832 4472 873 4537 de
891 4471 1026 4558 Neufw.

465 4587 589 4655 Paroch
604 4588 644 4653 de
662 4587 814 4652 Pevrelle‚

463 4703 587 4770 Paroch
601 4703 641 4768 de
654 4702 851 4768 Chaviseres.

385 4805 391 4818 ⁸
464 4818 587 4883 Paroch
602 4819 641 4881 de
659 4817 707 4882 La
723 4813 916 4882 Coulonche.

465 4929 587 4997 Paroch
603 4932 647 4996 du
665 4930 784 4994 Mesnil
802 4929 941 4994 Hernier
956 4929 990 4992 in
1006 4926 1227 4994 vicecomitatu
1243 4923 1288 5007 R.
1307 4921 1436 4990 Falesie.
