3540 5832
322 553 391 614 sos
658 545 837 617 RoTULl
862 545 1176 634 NORMANNIAE.
1292 535 1404 628 [mn.
1419 552 1515 613 1417.

416 727 512 793 Johes
528 725 674 814 Albrygh
691 725 742 808 Q.
769 725 858 794 navis
879 724 970 790 vocat
994 715 1116 791 Kahne
1142 725 1183 790 de
1206 725 1414 792 Newscastffl
1432 725 1515 812 apm'i

462 841 566 928 Tyne.

419 955 506 1022 Wifls
523 953 656 1022 Blstche
673 953 723 1036 Q.
738 954 858 1020 crsiere
873 954 964 1020 νοεεῑ
981 943 1102 1020 Κεῖἰυε
1116 954 1157 1019 de
1175 953 1281 1020 Setofi.

418 1068 524 1133 Adam
541 1067 711 1132 Seloundir
728 1069 778 1150 Q.
793 1069 913 1132 orsiere
927 1067 1018 1132 νοεεῖ
1034 1067 1165 1156 Marget
1179 1069 1220 1134 de
1232 1067 1420 1156 ,Fysshlskm

417 1182 512 1248 Johes
529 1181 663 1248 Melboii
679 1181 729 1264 Q.
744 1181 907 1270 balingere
923 1181 1014 1247 voest
1030 1182 1156 1247 Trinite
1170 1182 1211 1247 de
1225 1182 1431 1269 Sandewyoh.

379 1359 383 1368 ,
417 1296 513 1369 Johes¹
530 1294 664 1382 Fyssher
682 1294 732 1378 Q.
747 1295 866 1360 craiere
881 1294 972 1360 νοεεῑ
988 1293 1094 1362 Moris
1108 1295 1149 1360 de
1167 1295 1373 1383 Ssndewyoh.

419 1409 541 1475 Rohtus
554 1409 707 1474 Bristowe
723 1408 774 1492 Q.
789 1409 877 1474 novis
892 1407 983 1474 voosh
998 1408 1104 1474 Moris
1118 1409 1160 1474 de
1177 1409 1383 1496 Sondewyoh.

412 1524 560 1594 ,Thomas
590 1522 717 1590 Merssh
748 1522 799 1606 Q.
829 1523 993 1611 balingere
1030 1524 1121 1589 vocat
1156 1523 1281 1611 stofre
1317 1523 1357 1590 de
1395 1522 1519 1588 Sando-

512 1636 559 1702 oh.

419 1659 514 1815 Johvyes
531 1749 649 1815 Walter
666 1748 717 1832 Q.
732 1749 820 1814 navis
835 1749 926 1816 νοεεῑ
942 1745 1072 1837 Marget
1086 1749 1128 1815 de
1143 1748 1304 1842 Londofi.

422 1865 509 1930 Wihs
525 1863 635 1930 Miller
651 1866 702 1947 Q.
717 1864 836 1930 craiere
850 1863 942 1930 vocs}
957 1863 1062 1930 Moris
1077 1863 1118 1928 de
1133 1863 1233 1928 York.

420 1981 515 2052 Johes
532 1979 696 2046 Hisbrand
712 1979 763 2063 Q.
778 1979 897 2044 oraiere
911 1979 1003 2044 vocsh
1019 1979 1125 2044 Maris
1139 1978 1180 2044 de
1197 1978 1403 2066 Ssndewyeh.

421 2091 517 2157 Johes
532 2091 575 2156 de
590 2090 721 2158 Moltoh
737 2089 788 2176 Q.
804 2091 922 2160 craiere
937 2092 1029 2158 vocs}
1044 2091 1210 2156 Laurence
1225 2090 1265 2155 de
1281 2089 1428 2154 Boestofi.

423 2207 511 2271 Wihs
528 2205 619 2272 Croft
634 2205 686 2290 Q.
700 2206 864 2295 balingere
878 2206 971 2272 νοεεῑ
986 2205 1091 2272 Maris
1110 2205 1151 2270 de
1166 2205 1387 2270 Dertemouth.

421 2321 517 2388 Johes
536 2319 660 2386 Russefl
675 2321 726 2404 Q.
742 2323 860 2388 oraiere
876 2321 967 2388 vocs}
982 2321 1122 2409 Elynore
1137 2321 1178 2386 de
1193 2320 1415 2386 Dertemouth.

425 2435 538 2500 Petrus
555 2435 677 2522 Rasyer
693 2436 742 2520 Q.
758 2437 847 2504 navis
861 2437 952 2502 νοεεῑ
965 2436 1071 2502 Jsmes
1086 2435 1128 2500 de
1143 2435 1277 2500 Doverf.

423 2550 518 2614 Johes
535 2548 619 2614 Hert
635 2549 685 2632 Q.
701 2551 789 2616 navis
804 2549 894 2616 vocah
911 2541 1031 2616 Kohine
1046 2550 1087 2614 de
1104 2549 1228 2614 Strode.

424 2663 564 2736 Thomas
581 2663 680 2730 Felde
697 2662 747 2746 Q.
762 2665 881 2730 craiere
897 2663 987 2730 vocs}
1002 2664 1142 2729 Thomas
1157 2663 1198 2728 de
1215 2662 1401 2750 Herewyoh.

424 2781 565 2846 'Ihomas
581 2780 712 2846 Peretre
728 2780 778 2864 Q.
793 2781 913 2847 omiere
927 2779 1019 2846 νοεεῑ
1034 2778 1176 2844 Michoel
1191 2778 1232 2842 de
1248 2777 1332 2844 Hoo.

427 2893 526 2982 Hugo
540 2893 648 2982 Dsyer
665 2893 715 2978 Q.
729 2895 864 2960 farecost
878 2896 968 2960 vocat
984 2892 1090 2960 Moris
1105 2893 1146 2958 de
1163 2891 1288 2980 Wellys.

426 3007 521 3072 Johes
538 3007 678 3072 Bultster
695 3009 745 3091 Q.
761 3009 879 3075 craiere
894 3007 984 3072 νοεεί
1000 3005 1150 3073 Nioholas
1165 3006 1205 3070 de
1221 3005 1423 3094 Fysshelske.

427 3119 519 3184 Henf
536 3120 669 3210 Rysyng
685 3123 736 3204 Q.
751 3123 870 3187 craiere
884 3121 975 3187 vocs}
991 3122 1141 3187 Nicholas
1155 3121 1197 3186 de
1213 3119 1391 3210 Blyburgh.

428 3235 515 3299 Wifls
532 3234 679 3323 Northyn
697 3235 748 3320 Q
764 3237 884 3302 crsiere
900 3236 989 3302 voosh
1004 3237 1145 3302 'Ihomss
1159 3236 1200 3301 de
1217 3235 1422 3323 Ssndewyoh.

428 3349 516 3414 Wifls
533 3348 665 3436 Wylook
682 3349 732 3433 Q.
748 3351 867 3416 craiers
880 3349 972 3416 vossi
988 3349 1076 3416 Petir
1090 3350 1131 3415 de
1147 3333 1282 3435 Behay.

429 3463 550 3530 Rohtus
566 3464 672 3551 00le
689 3466 740 3549 Q.
755 3467 874 3532 craiere
887 3465 979 3532 vocs}
996 3455 1117 3532 Kahine
1131 3465 1172 3530 de
1188 3464 1294 3552 Selby.

427 3579 523 3644 Johes
540 3578 665 3644 Booher
682 3580 732 3662 Q.
748 3580 867 3648 craiere
880 3577 972 3645 νοεεί
987 3578 1114 3644 Trinite
1128 3577 1169 3643 ds
1182 3575 1394 3665 Gelyngham.

427 3694 523 3762 Johes
540 3692 664 3759 Croche
681 3692 731 3777 Q.
747 3694 866 3760 oraisre
880 3693 972 3760 vooah
986 3693 1113 3758 Trinite
1127 3691 1169 3757 ds
1185 3690 1271 3756 Hoo.

430 3807 553 3873 Rohtus
568 3807 674 3894 Gryoe
690 3807 740 3890 Q.
755 3809 875 3873 orsiere
890 3807 981 3874 voca}
996 3805 1102 3873 Marie
1116 3806 1158 3870 de
1172 3805 1273 3870 Yorh.

428 3921 524 3986 Johes
539 3921 646 4010 Largo
661 3920 712 4004 Q.
728 3922 891 4010 bslingere
905 3920 997 3988 vocsh
1013 3919 1162 3986 Nioholos
1177 3920 1218 3985 de
1233 3917 1427 4006 Castellyoh,

429 4033 524 4098 Johes
537 4033 669 4098 Wsrner
686 4033 737 4116 Q.
752 4035 872 4098 oroiere
886 4034 977 4100 νοεεῐ
992 4033 1120 4121 Georgo
1133 4032 1175 4097 de
1192 4032 1396 4120 Ssndewyoh.

429 4146 525 4212 Johes
541 4147 653 4212 Hunte
669 4145 719 4230 Q.
734 4148 853 4214 cmiere
867 4147 958 4213 vocs}
973 4147 1122 4212 Clement
1135 4147 1178 4212 de
1191 4146 1338 4234 Rouolyf.

427 4259 523 4325 Johes
540 4259 681 4326 solmon
699 4257 750 4342 Q.
765 4279 912 4346 passages
927 4258 1018 4324 voca}
1033 4259 1173 4326 Thomas
1187 4259 1229 4325 de
1244 4260 1379 4326 Dovorf.

428 4373 524 4439 Johes
545 4373 723 4462 Gssooigne
739 4371 790 4456 Q.
801 4371 920 4437 craiere
935 4371 1026 4438 voca}
1042 4372 1164 4438 Michel
1179 4373 1220 4438 de
1235 4371 1363 4462 Tynby.

428 4487 523 4552 Johes
540 4485 690 4573 Wydmer
705 4485 756 4569 Q.
771 4485 890 4551 crsisre
903 4483 995 4552 vocs}
1011 4485 1117 4552 Maris
1131 4486 1173 4572 de
1185 4485 1383 4558 Newelfithe.

430 4601 563 4690 Pilgryn
580 4599 735 4666 Bateman
752 4598 805 4682 Q.
821 4599 940 4664 craiere
955 4597 1046 4664 voca}
1061 4598 1168 4666 Maris
1183 4599 1223 4666 de
1239 4601 1385 4668 Londofi.

429 4716 527 4780 Risus
543 4715 674 4802 Wynter
691 4712 741 4796 Q.
752 4713 886 4780 farecost
900 4713 991 4780 voosh
1007 4712 1113 4781 Mario
1128 4714 1169 4780 de
1185 4715 1286 4780 Cales.

428 4828 549 4894 Rohtus
565 4829 605 4894 de
622 4824 721 4894 Wode
737 4827 788 4912 Q.
804 4827 937 4894 farecost
951 4827 1042 4897 voca}
1056 4826 1202 4917 Morgret
1217 4829 1258 4896 de
1274 4829 1461 4918 Herewych.
