3540 5832
352 579 417 647 38⁴2
687 571 866 641 ROTULI
890 570 1205 657 NORMANNIAE.
1323 572 1544 654 [A.D.1417.

441 755 540 820 Ricus
555 752 740 840 Torquapel
754 774 854 840 peona
867 751 965 818 ecclie
983 751 1036 816 sai
1052 749 1142 818 Petri
1157 757 1229 839 sup*
1241 749 1369 818 Divam.

440 869 574 946 ,Gallius
590 867 689 934 Parin
703 888 803 954 pecua
817 865 914 932 ecclia
929 866 970 932 de
985 865 1201 932 Colombellis.

439 984 555 1050 Petrus
571 981 740 1048 Domirelli
753 1003 854 1068 paona
867 980 964 1046 ecclia
978 980 1020 1046 de
1037 979 1194 1046 Fouloux.

430 1098 545 1165 -Guills
559 1096 716 1164 Lombart
729 1117 829 1182 peona
843 1093 940 1160 ecclic
954 1094 996 1159 de
1012 1094 1157 1160 Noviers.

373 1263 376 1270 ,
439 1210 535 1278 Jolles
552 1210 670 1276 Pesant
684 1208 896 1296 psona'ecclie
912 1209 967 1274 sei
983 1209 1115 1298 Georgii
1129 1208 1171 1274 de
1186 1205 1336 1278 Moleins.

439 1325 538 1391 Jolles
553 1323 680 1390 Melleti
694 1345 794 1410 peona
808 1321 905 1388 ecclie
921 1322 978 1388 B'e
994 1322 1101 1388 Maria
1115 1323 1157 1389 de
1173 1322 1331 1390 Rauvilla.

443 1439 543 1504 Rieus
559 1437 713 1512 Quesuon
727 1459 827 1524 psona
841 1436 938 1502 ecclie
955 1437 1009 1502 sci
1025 1436 1161 1504 Martini
1176 1437 1218 1502 de
1235 1437 1405 1503 Sollebeto.

444 1551 567 1616 Rolltus
584 1549 727 1625 Queurel
741 1571 841 1636 peona
855 1547 951 1614 ecclia
969 1549 1023 1614 sai
1038 1547 1174 1614 Martini
1189 1549 1230 1614 de
1245 1548 1413 1637 Blangnie.

443 1665 565 1731 Nicllus
582 1664 680 1730 Fabri
694 1663 829 1729 vicanus
846 1661 943 1728 ecclic
958 1663 999 1728 de
1012 1662 1151 1728 Chaone.

444 1779 554 1844 Radus
569 1778 611 1844 de
626 1777 758 1843 Amblia
771 1799 871 1864 paona
885 1776 981 1842 ecclie
999 1777 1052 1843 sai
1070 1777 1209 1867 Remigii
1224 1777 1265 1844 de
1281 1774 1485 1843 Gientevilla.

442 1892 571 1959 Guillus
586 1892 627 1957 de
644 1891 742 1957 Porta
756 1891 950 1980 capellanus.

444 2006 576 2073 Marcus
590 2006 621 2071 le.
638 2005 833 2072 Bounellier
848 2005 1039 2094 capellanus.

444 2122 550 2189 Lucas
565 2120 665 2187 Dorel
680 2119 872 2208 capellanus.

442 2237 577 2326 Egidius
593 2236 675 2301 Bion
691 2236 914 2318 subdiaconus.

444 2350 569 2416 Rolltus
581 2349 725 2436 ¹Lesueur
739 2350 931 2438 capellanus.

443 2461 595 2528 Matheiu
610 2461 739 2550 Doynel
752 2462 944 2550 capellanus.

443 2577 558 2660 Petuus
574 2577 740 2660 Laureuce
754 2577 945 2666 capellanus.

444 2691 558 2758 Petrus
574 2690 622 2757 Le
638 2690 753 2756 Coiute
768 2690 959 2778 capellanus.

442 2805 538 2871 Jolles
554 2804 602 2869 Le
618 2803 745 2870 Peleter
760 2802 951 2891 capellanus.

441 2917 537 2983 Johes
553 2917 602 2982 Le
617 2916 728 2983 Gentil
744 2916 938 3003 capellanus.

443 3031 539 3097 Jolles
554 3031 729 3118 Daubigny
743 3029 935 3117 capellanus.

443 3145 539 3210 Jolles
555 3143 624 3208 Dea
641 3142 753 3231 Hayez
768 3143 959 3230 capellanus.

445 3256 567 3322 Rolitus
583 3255 711 3344 Bloudy
726 3255 887 3322 diaconm

422 3459 425 3467 Ι
444 3373 559 3440 Petrus
574 3372 615 3444 de
633 3371 730 3454 Prato
744 3369 938 3460 capellanus.

444 3487 608 3552 Aubertus
624 3483 803 3574 Leguillart
816 3486 1007 3572 capellanus.
1021 3473 1023 3478 ⁸

443 3599 540 3696 Jolles
555 3598 775 3688 Vaupinchart
789 3600 980 3688 capellanus.

445 3715 547 3780 Guills
563 3715 657 3781 Clare
672 3714 863 3803 capellanus.

417 3911 421 3920 .
444 3829 560 3896 Petrus
573 3829 615 3895 de
631 3829 747 3896 Monte
762 3831 953 3918 capellanus.

447 3943 545 4008 aian
559 3943 600 4008 de
616 3942 718 4009 Bosco
733 3944 924 4031 capellanus.

445 4055 550 4123 Guills
567 4056 670 4123 lebas
684 4057 877 4145 capellanus.

443 4170 540 4237 Jolles
555 4171 675 4238 Cousin
690 4171 880 4260 capellanus.

443 4283 604 4352 Jordanus
618 4285 797 4376 Carpenter
811 4287 1004 4375 capellanus.

446 4397 561 4464 Petrus
577 4398 698 4489 Berray
712 4399 906 4488 capellanus.

443 4513 552 4602 Guills
567 4514 713 4582 Poitevin
727 4515 919 4604 capellanus.

446 4629 550 4695 Guills
564 4628 606 4695 de
623 4627 738 4698 Rauen
752 4629 944 4719 capellanus.

445 4741 608 4808 Gerardus
624 4742 734 4810 Gnffet
747 4744 939 4833 capellanus.

446 4855 551 4922 Gauills
566 4857 745 4948 Caduigarii
761 4857 951 4946 capellanus.
