3486 5830
179 625 378 708 5Hrn.V.]
513 625 694 692 ROTULI
716 623 1031 694 NORMANNIAE.
1300 632 1369 694 229

690 881 802 945 Memb.
815 887 863 946 15.

182 1089 238 1154 De
248 1091 400 1176 W&
441 1091 525 1154 Pare
542 1045 625 1214 μ’.
638 1045 744 1133 offiib3
758 1045 882 1111 ballivis
896 1045 921 1108 ‘l
936 1044 1065 1130 fidelib3
1091 1045 1154 1110 suis
1169 1045 1211 1110 ad
1224 1068 1303 1134 quos
1317 1045 1369 1114 ‘tt

400 1137 408 1154 ⁰
526 1137 535 1154 ⁹
579 1157 682 1224 saltm.
729 1159 841 1224 Sciatis
867 1159 912 1247 qd
933 1181 1007 1224 cum
1035 1145 1143 1248 Rogas
1160 1159 1222 1224 Par
1248 1161 1289 1226 de
1312 1160 1371 1227 Est

182 1273 277 1340 Leer
297 1274 339 1340 de
360 1273 431 1340 ooffi
450 1273 624 1362 Notingbie
639 1275 783 1342 indcatus
803 1275 917 1340 existat
932 1289 969 1340 ut
981 1273 1138 1362 accepim⁹
1153 1274 1195 1340 de
1209 1297 1248 1342 eo
1263 1275 1307 1364 qd
1320 1276 1371 1364 ipe

183 1387 239 1453 die
263 1389 349 1454 Jovis
371 1391 417 1477 pr
445 1403 517 1476 post
542 1388 656 1454 foetum
680 1388 874 1454 Deeollac'ois
903 1389 957 1452 sti
980 1389 1068 1454 Jobis
1093 1411 1179 1454 anno
1203 1390 1295 1478 regni
1321 1391 1373 1456 nii

181 1517 298 1589 quarto
320 1503 415 1567 Ri‘c'm
438 1501 556 1567 Taillo'
570 1502 611 1568 de
627 1502 685 1568 nst
700 1502 789 1568 Leelt
805 1502 921 1568 Taillor
935 1525 1009 1568 cum
1036 1503 1174 1590 quodam
1188 1504 1294 1592 gladio
1309 1489 1371 1590 {lcii

184 1614 398 1703 quadraginta
420 1613 565 1710 denario}
587 1637 647 1701 sup
672 1616 776 1703 capud
802 1616 835 1680 in
862 1617 980 1703 campis
994 1615 1036 1680 de
1051 1615 1109 1680 Fst
1125 1615 1213 1681 Leelt
1237 1615 1371 1683 felonice

184 1716 311 1794 inlsecit
323 1727 349 1790 ‘t
363 1728 479 1813 pcussit
499 1727 587 1792 unde
609 1727 696 1792 idem
724 1727 820 1793 Ritus
846 1729 926 1794 obiit
948 1729 973 1792 ‘l
997 1743 1069 1816 post
1093 1727 1241 1792 feloniam
1255 1715 1371 1814 ildcam

186 1841 276 1908 scam
290 1827 390 1927 {ldfius
407 1824 513 1927 Bogus
527 1865 561 1907 se
575 1843 718 1908 retraxit.
763 1841 831 1907 Nos
854 1842 895 1906 de
918 1849 976 1930 gia
1001 1848 1059 1906 nia
1084 1841 1164 1929 s'pali
1184 1841 1371 1928 pdonavim9

187 1956 291 2020 eidem
308 1939 396 2042 Rogo
410 1971 528 2022 sectam
541 1957 627 2043 pacis
641 1963 699 2022 nte
714 1978 776 2044 que
789 1957 832 2022 ad
846 1979 903 2022 nos
926 1941 999 2021 ibus
1023 1953 1089 2044 ipm
1103 1957 1205 2043 ptinet
1219 1977 1242 2044 p
1256 1955 1374 2022 felonia

186 2052 270 2152 ildb'a
297 2070 383 2134 unde
411 2070 456 2136 sic
486 2069 631 2135 indoctus
660 2084 794 2136 rettatus
823 2070 873 2135 vel
899 2070 1074 2157 appellatus
1098 2070 1207 2135 existit
1220 2092 1258 2135 ac
1272 2070 1372 2134 eciam

187 2183 311 2273 utlaga?
325 2186 352 2249 si
367 2209 429 2274 que
444 2187 479 2250 in
494 2185 559 2272 ipm
575 2187 609 2250 in
623 2185 683 2251 bac
698 2200 788 2272 parte
802 2174 891 2249 filint
905 2185 1069 2273 pmulgate
1083 2183 1108 2248 ‘l
1123 2183 1248 2250 firmam
1263 2207 1374 2271 pacem

188 2305 280 2364 niam
293 2299 324 2363 ei
338 2300 413 2365 inde
428 2297 618 2366 concedim9.
663 2299 714 2364 Ita
728 2313 834 2364 tamen
861 2299 906 2386 qd
929 2297 1013 2362 idem
1031 2281 1138 2384 Bogus
1153 2311 1214 2362 stet
1228 2312 1314 2364 recto
1340 2299 1374 2362 in

189 2419 245 2478 cui
272 2419 332 2479 nia
354 2415 381 2479 si
406 2415 477 2504 quis
502 2400 575 2479 isus
598 2435 672 2478 eum
695 2412 783 2500 loqui
805 2399 907 2478 volilit
931 2411 972 2476 de
1000 2410 1117 2504 felonia
1139 2411 1280 2499 sup‘ddc.
1335 2411 1375 2476 In

190 2527 279 2614 cujus
293 2527 344 2593 ‘tt
389 2529 430 2594 T.
446 2528 492 2613 B.
506 2531 540 2594 in
556 2515 679 2594 exdcitu
704 2527 756 2591 ἳὸ.
782 2527 816 2592 in
842 2525 959 2592 ducatu
981 2525 1035 2590 ‘'tii.
1050 2540 1164 2614 quarto
1178 2527 1231 2592 die
1245 2525 1376 2592 Januai.

193 2641 222 2708 Ρ
237 2644 304 2731 iiim
318 2644 366 2728 R.

315 2781 842 2963 i...

191 3021 245 3082 vie
259 3039 313 3113 v-os
323 3002 409 3104 plata
420 3011 553 3079 Abbissa
567 3013 738 3078 teneamini
752 3011 809 3075 uni
824 3011 865 3074 de
879 3009 965 3074 elicis
980 3009 1045 3073 niis
1061 3032 1156 3096 quem
1170 3008 1231 3073 vob
1246 3005 1377 3074 duxim⁹

191 3137 308 3201 amand
322 3137 356 3200 in
370 3136 508 3224 quadam
532 3133 684 3222 pensione
710 3155 816 3198 annua
839 3131 880 3195 de
906 3130 1000 3194 domo
1024 3136 1080 3194 via
1104 3127 1252 3218 pcipiend
1267 3154 1304 3196 ac
1319 3155 1377 3198 nos

190 3251 356 3340 pmociiem
370 3251 446 3315 dilti
467 3249 537 3316 clici
559 3251 609 3314 nii
623 3230 664 3314 de
679 3234 775 3334 spidia
789 3245 921 3332 hospicii
936 3245 986 3308 nti
1001 3243 1089 3309 Jobis
1106 3243 1298 3332 Wyndehull
1314 3247 1378 3310 suis

190 3367 375 3456 exigentib3
390 3353 472 3430 illitis
487 3364 668 3430 affectantes
682 3363 749 3449 ipm
761 3361 864 3426 advos
877 3356 1004 3424 dunim9
1016 3359 1218 3424 t²nsmittend
1232 3374 1379 3448 rogantes

191 3481 342 3571 quatinus
358 3480 423 3566 ipim
439 3477 552 3542 Jollem
579 3478 613 3539 in
639 3476 735 3540 domfl
758 3481 847 3539 viam
870 3459 986 3558 ilddam
1006 3471 1208 3537 admittentes
1231 3473 1260 3536 ei
1283 3473 1378 3537 talem

191 3595 376 3684 pensionem
391 3591 432 3655 de
446 3590 541 3654 domo
555 3595 610 3651 via
623 3573 705 3672 ildlia
728 3587 877 3673 pcipiend
904 3607 1033 3673 quousq,
1047 3585 1108 3650 sibi
1123 3607 1144 3670 p
1158 3609 1213 3649 vos
1226 3586 1268 3649 de
1283 3588 1380 3650 bene-

193 3711 265 3775 ficio
280 3705 455 3774 eccliastico
481 3702 671 3788 competenti
698 3703 822 3788 pvisum
847 3688 912 3764 silit
934 3721 996 3785 que
1012 3699 1123 3763 dantes
1149 3698 1260 3762 deceat
1281 3701 1380 3786 pcipi-

194 3839 328 3909 entemq‚
356 3820 472 3886 sorcius
502 3817 644 3904 obligatti
676 3815 809 3880 reddere
843 3813 959 3877 debeat
988 3812 1160 3904 ministrari
1188 3811 1279 3898 lrasq,
1310 3821 1381 3878 vias

193 3956 336 4030 patentes
352 3939 399 4004 coi
415 3935 516 4024 sigillo
531 3934 643 3998 domus
657 3939 712 3996 vie
737 3915 818 4014 ‘fldie
842 3929 979 4016 signatas
998 3925 1162 3992 mentibem
1178 3927 1218 3992 de
1233 3927 1294 3992 hiis
1317 3952 1380 4016 que

194 4057 235 4122 de
250 4055 361 4120 eadem
376 4052 470 4116 domo
485 4055 540 4113 via
553 4049 598 4112 sic
612 4047 729 4132 pcipiet
754 4045 814 4110 sibi
840 4066 897 4128 sup
912 4042 972 4107 hoc
988 4043 1058 4106 fieri
1073 4041 1130 4106 fati.
1177 4041 1220 4106 Et
1235 4044 1313 4128 quid
1334 4043 1377 4108 ad

193 4167 280 4234 hunc
294 4167 407 4255 rogatt't
429 4171 501 4226 nim
527 4151 643 4224 duilitis
667 4155 792 4223 faciend
814 4155 877 4220 nob
903 4154 1080 4220 rescribatis
1095 4176 1116 4238 p
1131 4139 1261 4239 ilsencifi
1280 4157 1380 4242 porti-

195 4297 306 4350 torem.
352 4279 391 4344 T.
407 4277 452 4362 Rt.
468 4265 502 4340 in
516 4263 641 4340 ex‘dcitu
656 4273 707 4336 Ἱὸ.
722 4271 786 4357 viij.
802 4271 854 4335 die
869 4269 998 4335 Januar.
1046 4266 1156 4354 ripn
1171 4267 1217 4351 R.

547 4463 593 4547 Β.
619 4485 640 4548 p
663 4461 726 4526 lras
752 4483 823 4525 suas
846 4474 988 4544 patentes
1012 4479 1034 4543 p
1059 4461 1127 4521 um'r
1141 4461 1229 4523 anmi
1247 4459 1380 4523 duratui'·

509 4541 681 4702 }suscepit
705 4575 739 4638 in
764 4573 852 4638 salvii
878 4571 931 4634 tt.
955 4571 1069 4635 Jobem
1096 4571 1136 4636 de
1162 4570 1380 4636 Bethencourt

546 4689 684 4756 chivaler
697 4709 734 4752 ac
749 4684 959 4773 quadraginta
980 4705 1092 4767 psonas
1107 4684 1141 4746 in
1157 4684 1304 4748 comitiva
1322 4707 1380 4750 sua

196 4814 246 4880 vel
267 4813 352 4878 infra
376 4835 398 4898 p
417 4831 521 4898 regna.
542 4805 617 4869 ditia
639 4815 806 4890 potestates
829 4791 1075 4883 ‘tjurisdicc'bes
1091 4797 1135 4880 R.
1155 4821 1317 4885 quecumq,
1344 4802 1377 4864 in

198 4928 332 5016 quadam
362 4926 434 4992 navi
463 4921 598 5010 portagii
629 4904 795 5015 qualringj
818 4911 918 5006 dolio}
948 4911 998 4975 vel
1029 4909 1111 4976 infra
1140 4913 1226 4978 unde
1258 4913 1378 4978 Michel

767 5053 820 5102 os

195 4539 248 4607 De
261 4541 341 4604 salvo
351 4537 501 4602 conductu.

252 4656 448 4718 Bettencourl.
