3540 5832
232 611 257 672 5
270 607 428 689 Ηειοῖῖ]
574 607 753 676 ROTULI
778 607 1088 676 NORMANNIAE
1354 619 1422 678 325*

320 787 407 852 Phus
423 784 552 851 Bakker
571 785 623 870 Q.
639 786 756 853 busshe
770 785 863 854 νοσεῖ
877 787 1110 877 (ῖοάσοῖςῃνςῖιῖ
1124 787 1165 854 de
1181 787 1406 857 Westenkowe.

319 901 412 966 Heu?
427 901 623 967 Williamsofi
639 901 691 985 Q.
706 902 876 990 eoggoehif)
890 904 981 969 νοσεῖ
997 902 1121 990 Χῇοῖνσ
1135 904 1176 969 de
1191 904 1374 995 Durdragh

233 1071 236 1078 .
320 1017 434 1082 Petrus
450 1015 547 1082 Mant
563 1015 613 1100 Q.
629 1022 744 1106 coggefi
757 1017 849 1082 νοσεῖ
864 1016 1095 1106 Marieknyghf
1109 1019 1150 1084 de
1166 1019 1347 1109 Durdragh.

317 1131 414 1197 Johes
430 1130 636 1196 Godmansofl
653 1131 704 1214 Q.
719 1135 834 1218 coggefi
849 1131 941 1196 νοσεῖ
956 1131 1081 1219 X1'50fre
1096 1133 1136 1197 de
1151 1132 1335 1221 Durdragh.

232 1297 237 1308 .
320 1244 413 1309 Heni'·
428 1244 538 1309 Potter
555 1243 606 1327 Q.
621 1244 791 1333 coggeshif)
805 1244 897 1310 νοσεῖ
913 1244 1070 1334 Holygost
1084 1245 1125 1311 de
1138 1246 1402 1336 Berghuphaven.

318 1358 415 1425 Johes
443 1357 600 1425 Jacobsofi
635 1360 685 1442 Q.
719 1365 834 1448 coggefi
870 1359 961 1425 νοσεῖ
1000 1361 1340 1450 Saintjacobesknyghi
1376 1364 1417 1429 de

364 1473 429 1538 Ber

320 1472 481 1652 Martiffi
508 1587 615 1652 Isman
643 1585 693 1668 Q.
716 1591 831 1674 coggefi
860 1585 953 1651 νοσεῖ
979 1584 1214 1654 Fledermerssh
1242 1589 1283 1655 de
1308 1589 1418 1657 Ande·

363 1723 460 1788 νοτε,

319 1815 444 1883 Adrian
460 1815 602 1882 claissofi
619 1813 670 1899 Q.
685 1819 801 1903 coggefi
816 1815 907 1881 νοσεῖ
923 1815 1049 1902 Χῇοῖτσ
1067 1817 1108 1882 de
1124 1816 1241 1906 Bergh.

320 1928 436 2016 Leuyn
449 1926 636 2015 Reynersoii
652 1928 702 2011 Q.
718 1933 833 2016 coggefi
846 1927 938 1992 νοσεῖ
953 1926 1184 2018 Μεοίσῖσνινςῖιῖ
1197 1931 1238 1995 de
1254 1933 1362 1998 Gowe.

319 2041 472 2130 Dederyk
486 2041 605 2108 Jonsofl
621 2041 672 2124 Q.
687 2047 801 2130 coggefi
816 2040 906 2106 νοσεῖ
921 2041 1116 2130 Magdalene
1131 2044 1172 2108 de
1188 2044 1295 2109 Gowe.

319 2155 481 2244 Albryghffi
496 2153 704 2242 Dederyksofi
720 2155 772 2238 Q.
787 2160 901 2244 cogge'e'
916 2155 1008 2220 νοσεῖ
1023 2156 1203 2244 Godeegaly
1218 2157 1259 2222 de
1272 2157 1417 2226 Herlam.

319 2273 418 2362 Hugo
434 2273 579 2338 Petirsofl
595 2271 645 2356 Q.
661 2277 776 2360 coggefi
791 2272 881 2338 νοσεῖ
897 2272 1078 2360 waoecost
1093 2274 1133 2338 de
1149 2275 1257 2340 Gowe.

319 2388 464 2454 Hermaii
478 2387 598 2454 Jonsofi
615 2387 665 2470 Q.
680 2393 796 2476 coggefi
810 2387 902 2453 νοσεῖ
916 2388 1022 2454 James
1037 2388 1078 2453 de
1096 2389 1248 2477 Skydam.

319 2502 459 2590 Tylman
476 2501 644 2590 Suyppard
660 2501 710 2585 Q.
726 2501 897 2590 eoggaehif)
911 2501 1001 2568 νοσεῖ
1017 2502 1141 2590 XfJofre
1155 2504 1196 2569 de
1212 2505 1394 2595 Durdsagh.

651 2779 763 2847 Memh.
778 2785 831 2846 26.
848 2784 879 2846 in
894 2783 988 2846 dorso.

318 2943 519 3012 THOMAS
536 2944 650 3032 Smyth
671 2945 762 3031 massr
783 2942 916 3010 fareoost
929 2944 1021 3010 νοσεῖ
1035 2945 1241 3012 Cristemesse
1264 2948 1307 3013 de
1322 2948 1418 3015 Sher·

263 3137 267 3144 .
360 3060 511 3150 νοεῖν»

317 3177 455 3242 Jacobus
471 3173 604 3240 Harries
620 3172 671 3257 Q.
686 3173 806 3263 dogget
820 3173 911 3239 νοσεῖ
925 3173 1032 3240 James
1046 3174 1088 3240 de
1102 3175 1223 3242 eadem.

320 3291 419 3355 Rissus
434 3287 546 3354 Miller
562 3287 614 3371 Q.
628 3286 763 3352 fareeost
776 3287 867 3352 νοσεῖ
880 3286 1043 3375 Kateryne
1059 3287 1100 3354 de
1115 3290 1238 3355 eadem.

316 3404 456 3470 Jaoobus
471 3401 641 3468 Mounfort
656 3397 706 3484 Q.
720 3400 855 3466 sarecost
867 3399 959 3466 νοσεῖ
976 3401 1121 3490 Mighefl.

319 3501 427 3604 Rofius
443 3515 557 3580 Wrask
573 3514 624 3598 Q.
639 3513 773 3580 farecost
785 3511 878 3579 νοσεῖ
891 3514 1019 3579 Trinite
1034 3515 1075 3580 de
1091 3516 1303 3598 Crowemere.

318 3631 442 3698 Robtus
458 3629 564 3716 Bidefl
580 3628 631 3712 Q.
646 3627 699 3692 del
715 3627 873 3716 Holygost
886 3627 927 3693 de
945 3626 1121 3716 Hertipole.

320 3746 443 3813 Robtus
458 3744 558 3811 wude
574 3743 625 3828 Q.
639 3740 776 3828 loldshsp
790 3739 883 3807 νοσεῖ
898 3741 947 3806 Le
963 3742 1048 3807 Rose
1061 3743 1103 3809 de
1119 3744 1283 3811 Cooshith.

318 3863 440 3928 Nichus
456 3858 585 3926 Multofi
601 3855 652 3941 Q.
666 3855 800 3922 faoeoost
813 3856 905 3922 νοσεῖ
920 3855 1058 3945 Mighefl
1071 3858 1113 3924 de
1132 3859 1257 3948 Wellys.

318 3977 413 4044 ιῖοῖῖσε
430 3975 527 4042 Clerk
544 3972 593 4057 Q.
608 3971 744 4039 farecost
756 3969 848 4037 νοσεῖ
863 3970 969 4038 Marie
980 3973 1022 4037 de
1038 3973 1196 4040 Salthons.

225 4153 229 4160 .
316 4092 413 4160 ιῖοῖὶσε
430 4091 578 4157 Clement
593 4087 645 4173 Q.
660 4087 748 4153 navis
763 4085 855 4153 νοσεῖ
870 4087 920 4153 La
934 4087 1061 4154 Trinite
1076 4089 1117 4155 de
1134 4090 1340 4157 Crowemere.

319 4206 452 4273 Galffus
468 4203 567 4292 Houf)
582 4203 635 4286 Q.
647 4203 766 4298 craiege
780 4200 872 4268 νοσεῖ
888 4201 1028 4269 Thomas
1043 4203 1083 4268 de
1099 4202 1224 4291 Lynne.

316 4320 414 4387 Johes
444 4317 679 4384 Trenehemere
710 4301 762 4400 Q.
791 4316 911 4382 craiere
940 4317 1032 4382 νοσεῖ
1061 4316 1203 4384 Thomas
1233 4319 1275 4394 de
1303 4320 1415 4388 Jerne-

361 4431 485 4498 mouth.

318 4547 431 4611 Simon
448 4544 612 4610 Fauooner
625 4542 676 4625 Q.
691 4543 813 4632 dogger
826 4541 918 4608 νοσεῖ
931 4541 1037 4608 James
1052 4543 1093 4608 de
1108 4544 1315 4614 Crowemere.

319 4660 408 4744 Wffls
424 4657 601 4724 Richeman
617 4656 667 4741 Q.
682 4657 826 4745 lodeshif)
840 4657 933 4723 νοσεῖ
948 4658 1097 4725 Νἰσῖιοῖεε
1113 4661 1154 4728 de
1169 4663 1378 4732 Crowemere.

318 4773 414 4838 Johes
430 4770 577 4858 Maykyfl
591 4771 641 4852 Q.
657 4769 820 4856 balingere
834 4768 926 4834 νοσεῖ
940 4769 1109 4836 Dunstone
1124 4773 1165 4837 de
1182 4773 1338 4864 Romney.

318 4889 416 4956 Johes
430 4886 574 4954 Taillour
591 4883 642 4969 Q.
657 4885 792 4951 fareeost
805 4885 897 4950 νοσεῖ
913 4884 1018 4951 Marie
1034 4886 1073 4952 de
1091 4880 1189 4975 my,

802 5019 824 5063 ν
841 5005 856 5066 ἐ
